\% This file was created with JabRef 2.7.2.
\% Encoding: Cp1252

@BOOK{Ahuja1993Prentice,
  title = {Network Flows: Theory, Algorithms and Applications},
  year = {1993},
  editor = {Prentice Hall.},
  author = {Ahuja, R. K. and Magnanti, T. L. and Orlin, J. B.},
  publisher =  {}
}

@PHDTHESIS{AlSmadi1998PhD,
  author = {Al--Smadi, M.},
  title = {Incorporating Spatial and Temporal Variation of Watershed Response
	in a GIS--Based Hydrologic Model},
  school = {Virginia Polytechnic Institute and State University},
  year = {1998},
  note = {Disponible en \url{http://scholar.lib.vt.edu/theses/available/etd-121698-112858/unrestricted/smadi.pdf}},
  url = {http://scholar.lib.vt.edu/theses/available/etd-121698-112858/unrestricted/smadi.pdf}
}

@ARTICLE{Ananthanarayanan2006GISDev,
  author = {K. Ananthanarayanan and K. Varghese},
  title = {Vectorization of Contours From Scanned Topographical Map},
  journal = {GIS Development. Asia Pacific Edition.},
  year = {2006},
  volume = {10},
  note = {Disponible en \url{http://www.gisdevelopment.net/magazine/years/2006/aug/38_1.htm}},
  url = {http://www.gisdevelopment.net/magazine/years/2006/aug/38_1.htm}
}

@INPROCEEDINGS{Andersen2001PrecForestry,
  author = {Andersen, H-E, S. Reutebuch and G. Schreuder},
  title = {Automated individual tree measurement through morphological analysis
	of a LIDAR-based canopy surface model},
  booktitle = {Proceedings of the First International Precision Forestry Symposium},
  year = {2001},
  pages = {11-22}
}

@TECHREPORT{Anderson1976USGS,
  author = {Anderson, J. and Hardy, E. and Roach. J. and Witmer, R.},
  title = {A Land Use and Land Cover classification system for use with remote
	sensor data},
  institution = {U.S. Geological Survey},
  year = {1976},
  type = {Professional Paper},
  number = {964},
  note = {Disponible en \url{http://landcover.usgs.gov/pdf/anderson.pdf}},
  url = {http://landcover.usgs.gov/pdf/anderson.pdf}
}

@MASTERSTHESIS{andrews96simplifying,
  author = {D. Andrews},
  title = {Simplifying terrain models and measuring terrain model accuracy},
  school = {Dept. of CS, UBC},
  year = {1996},
  note = {Disponible en \url{citeseer.ist.psu.edu/andrews96simplifying.html}},
  text = {D. S. Andrews. Simplifying terrain models and measuring terrain model
	accuracy Msc. Thesis. Tech. Report 9605, Dept. of CS, UBC, 1996.},
  url = {citeseer.ist.psu.edu/andrews96simplifying.html}
}

@ARTICLE{Inspire2005IGN,
  author = {Anon.},
  title = {La iniciativa Inspire de la Comisi\'on Europea: Su evoluci칩n y situaci\'on
	actual},
  journal = {Bolet\'in Informatico del Instituto Geogr\'afico Nacional},
  year = {2005},
  volume = {22},
  note = {Disponible en \url{http://www.fomento.es/MFOM/LANG_CASTELLANO/DIRECCIONES_GENERALES/INSTITUTO_GEOGRAFICO/_INFORMACION/BOLETIN_INFORMATIVO/boletin_22.htm}},
  owner = {volaya},
  timestamp = {2010.08.20},
  url = {http://www.fomento.es/MFOM/LANG_CASTELLANO/DIRECCIONES_GENERALES/INSTITUTO_GEOGRAFICO/_INFORMACION/BOLETIN_INFORMATIVO/boletin_22.htm}
}

@BOOK{Anon2002EUITP,
  title = {Generalizaci칩n cartogr치fica},
  publisher = {EUITP},
  year = {2002},
  author = {Anon.},
  note = {Disponible en \url{http://www.topografia.upm.es/~jjarranz/apuntes/Generalizacion\%20cartografica.pdf}},
  owner = {volaya},
  timestamp = {2010.08.16}
}

@ARTICLE{Anon1996GISWORLD,
  author = {Anon.},
  title = {Platform preference varies with size of GIS user base},
  journal = {GIS World},
  year = {1996},
  volume = {9},
  pages = {16},
  owner = {volaya},
  timestamp = {2010.08.14}
}

@ARTICLE{Anselin1995GeoAnal,
  author = {Anselin, L.},
  title = {The Local Indicators of Spatial Association: LISA},
  journal = {Geographical Analysis},
  year = {1995},
  volume = {27},
  pages = {93-115},
  note = {Disponible en \url{http://www.drs.wisc.edu/documents/articles/curtis/cesoc977/Anselin1995.pdf}},
  url = {http://www.drs.wisc.edu/documents/articles/curtis/cesoc977/Anselin1995.pdf}
}

@TECHREPORT{Anselin1992NCGIA,
  author = {Anselin, L.},
  title = {Spatial data analysis with GIS: an introduction to application in
	the social sciences, Technical report 92-10},
  institution = {NCGIA},
  year = {1992},
  note = {Disponible en \url{http://citeseerx.ist.psu.edu/viewdoc/download?doi=10.1.1.75.9557&rep=rep1&type=pdf}},
  url = {http://citeseerx.ist.psu.edu/viewdoc/download?doi=10.1.1.75.9557&rep=rep1&type=pdf}
}

@INPROCEEDINGS{Anselin1989Syracuse,
  author = {Anselin, L.},
  title = {What is special about spatial data? Alternative perspectives on spatial
	data analysis},
  booktitle = {Symposium on Spatial Statistics, Past, Present and Future},
  year = {1989},
  publisher = {Department of Geography, Syracuse University.},
  note = {Disponible en \url{http://citeseerx.ist.psu.edu/viewdoc/download?doi=10.1.1.102.3484&rep=rep1&type=pdf}},
  url = {http://citeseerx.ist.psu.edu/viewdoc/download?doi=10.1.1.102.3484&rep=rep1&type=pdf}
}

@BOOK{Arnheim1986Paidos,
  title = {El pensamiento visual},
  publisher = {Paidos},
  year = {1986},
  author = {Arnheim, R.},
  owner = {volaya},
  timestamp = {2010.09.21}
}

@ARTICLE{Arnold1998JAWRA,
  author = {Arnold, J.G and Srinivasan, S. and Muttiah, R.S. and Williams, J.R.},
  title = {Large-area hydrologic modelling and assesment: Part I. Model development},
  journal = {J. American Water Resou. Assoc.},
  year = {1998},
  volume = {34},
  pages = {73-89},
  number = {1},
  url = {http://www.geog.ucsb.edu/~good/papers/387.pdf}
}

@INPROCEEDINGS{Arrighi1999Geovision,
  author = {P. Arrighi and P. Soille},
  title = {From scanned topographic maps to digital elevation models},
  booktitle = {Proceedings of Geovision 99},
  year = {1999},
  note = {Disponible en \url{http://citeseerx.ist.psu.edu/viewdoc/download?doi=10.1.1.20.2009&rep=rep1&type=pdf}},
  url = {http://citeseerx.ist.psu.edu/viewdoc/download?doi=10.1.1.20.2009&rep=rep1&type=pdf}
}

@PHDTHESIS{Asante2000PhD,
  author = {Asante, K.O.},
  title = {Approaches to Continental Scale River Flow Routing},
  school = {University of Texas},
  year = {2000},
  note = {Disponible en \url{http://repositories.lib.utexas.edu/handle/2152/6800}},
  url = {http://repositories.lib.utexas.edu/handle/2152/6800}
}

@BOOK{Asenjo1997UPV,
  title = {Fundamentos para la realizaci\'on de levantamientos mediante el sistema
	GPS},
  publisher = {E.T.S.C.G.T. Universidad Polit\'ecnica de Valencia},
  year = {1997},
  author = {Asenjo, L.}
}

@TECHREPORT{Avery1987Soil,
  author = {Avery, B.W.},
  title = {Soil survey methods: a review. Technical Monograph No. 18},
  institution = {Soil Survey \& Land Resource Centre, Silsoe.},
  year = {1987}
}

@BOOK{Ayyub2001CRC,
  title = {Elicitation of Expert Opinions for Uncertainty and Risks,},
  publisher = {CRC Press},
  year = {2001},
  author = {Ayyub, B. M.}
}

@ARTICLE{Baguena1995Mapping,
  author = {J.A. B\'aguena},
  title = {El geomarketing y los sistemas de informaci칩n para la toma de decisiones},
  journal = {Mapping interactivo},
  year = {1995},
  volume = {26},
  note = {Disponible en \url{http://www.mappinginteractivo.com/plantilla-ante.asp?id_articulo=1098}},
  owner = {volaya},
  timestamp = {2008.05.25},
  url = {http://www.mappinginteractivo.com/plantilla-ante.asp?id_articulo=1098}
}

@ARTICLE{Bachi1963RSA,
  author = {Bachi, R.},
  title = {Standard Distance Measures and related methods for Spatial Analysis},
  journal = {Papers, Regional Science Association},
  year = {1963},
  volume = {10},
  pages = {83-132.}
}

@ARTICLE{Banari1996IJRS,
  author = {Bannari, A. and Huete, A. R. and Morin, D. and Zagolski},
  title = {Effets de la Couleur et de la Brillance du Sol Sur les Indices de
	V\'eg\'etation},
  journal = {International Journal of Remote Sensing},
  year = {1996},
  volume = {17},
  pages = {1885-1906},
  number = {10}
}

@BOOK{Barnett1995Wiley,
  title = {Outliers in Statistical Data.},
  publisher = {Wiley},
  year = {1995},
  author = {Barnett, V. and Lewis, T.}
}

@BOOK{Baselga2006UPV,
  title = {Fundamentos de Cartograf\'ia Matem\'atica},
  publisher = {Editorial de la UPV},
  year = {2006},
  author = {Baselga Moreno, S.},
  pages = {101}
}

@BOOK{Batchelet1981Academic,
  title = {Circular statistics in biology},
  publisher = {Academic Press.},
  year = {1981},
  author = {Batchelet, E.}
}

@ARTICLE{Bayer1972Acta,
  author = {R. Bayer and E. M. McCreight},
  title = {Organization and Maintenance of Large Ordered Indices},
  journal = {Acta Informatica},
  year = {1972},
  volume = {1},
  pages = {173-189},
  note = {Disponible en \url{http://infolab.usc.edu/csci585/Spring2010/den_ar/indexing.pdf}},
  url = {http://infolab.usc.edu/csci585/Spring2010/den_ar/indexing.pdf}
}

@BOOK{Beasley1982EPA,
  title = {ANSWERS: User's manual. U.S. EPA-905/9-82-001},
  publisher = {U.S. EPA},
  year = {1982},
  author = {Beasley, D.B. and Huggins, L.F},
  pages = {54},
  address = {Chicago, IL}
}

@BOOK{Beaulieu2003Anaya,
  title = {Aprende SQL},
  publisher = {Anaya},
  year = {2003},
  author = {Beaulieu, A.},
  pages = {352}
}

@ARTICLE{Bendiktsson1990IEEE,
  author = {Bendiktsson, J.A. and Swain, P.H. and Ersoy, O.K.},
  title = {Neural network approaches versus statistical methods on classification
	of multisource remote sensing data},
  journal = {IEEE Trans. Geosci. Remote Sensing},
  year = {1990},
  volume = {28},
  pages = {540-552},
  number = {4},
  note = {Disponible en \url{http://notendur.hi.is/~benedikt/neuralvsstat.pdf}},
  url = {http://notendur.hi.is/~benedikt/neuralvsstat.pdf}
}

@BOOK{Berry1996Wiley,
  title = {Beyond Mapping: Concepts, Algorithms, and Issues in {GIS}},
  publisher = {John Wiley \& Sons},
  year = {1996},
  author = {Berry, J. K.},
  pages = {246}
}

@BOOK{Bertin1987Pompidou,
  title = {Cartes et figures de la Terre.},
  publisher = {Ed. G. Pompidou},
  year = {1987},
  author = {Bertin, J.},
  owner = {volaya},
  timestamp = {2010.09.18}
}

@ARTICLE{Beven1979HS,
  author = {Beven, K.J. and Kirkby, M.J.},
  title = {A physically based, variable contributing area model of basin hydrology},
  journal = {Hydrological Sciences Bulletin},
  year = {1979},
  volume = {24},
  pages = {43-69},
  number = {1},
  note = {Disponible en \url{http://iahs.info/hsj/240/hysj_24_01_0043.pdf}},
  url = {http://iahs.info/hsj/240/hysj_24_01_0043.pdf}
}

@ARTICLE{Biftu2001JH,
  author = {Biftu, G.F. and Gan, T.Y.},
  title = {Semi--distributed, physically based, hydrologic modelling of the
	paddle river basin, Alberta, using remotely sensed data},
  journal = {Journal of Hydrology},
  year = {2001},
  volume = {244},
  pages = {137-156},
  number = {3-4}
}

@BOOK{Bonneval1972Eyrolles,
  title = {Photogrammetrie Generale},
  publisher = {Editions Eyrolles},
  year = {1972},
  author = {Bonneval, H.},
  owner = {Usuario},
  timestamp = {2008.01.22}
}

@ARTICLE{Borgefors1986CompuVision,
  author = {Borgefors, G.},
  title = {Distance transformation in digital images},
  journal = {Computer vision, graphics and image processing},
  year = {1986},
  volume = {34},
  pages = {344-371}
}

@CONFERENCE{Bosch1999GeoComputation,
  author = {Edward H. Bosch},
  title = {Texture information and supervised classification of hyperspectral
	imagery by means of neural networks},
  booktitle = {Proceedings GeoComputation 1999},
  year = {1999}
}

@BOOK{Bosque2004Rama,
  title = {Sistemas de Informaci\'on Geogr\'afica y localizaci\'on de instalaciones
	y equipamientos},
  publisher = {Ra--Ma},
  year = {2004},
  author = {Bosque Sendra, J.},
  owner = {volaya},
  timestamp = {2010.10.26}
}

@BOOK{Bosque1997Rialp,
  title = {Sistemas de informaci\'on geogr\'afica, Segunda edici\'on},
  publisher = {Ediciones Rialp, S.A},
  year = {1997},
  author = {Bosque Sendra, J.},
  pages = {451}
}

@ARTICLE{Bosque2006CG,
  author = {Bosque Sendra, J. and G\'omez Delgado, M. and Palm, F.},
  title = {Un nuevo modelo para localizar instalaciones no deseables: ventajas
	derivadas de la integraci\'on de modelos de localizaci\'on--asignaci\'on
	y SIG},
  journal = {Cuadernos Geogr\'aficos},
  year = {2006},
  volume = {39},
  pages = {53--68},
  note = {Disponible en \url{http://redalyc.uaemex.mx/pdf/171/17103904.pdf}},
  owner = {volaya},
  timestamp = {2010.10.27},
  url = {http://redalyc.uaemex.mx/pdf/171/17103904.pdf}
}

@TECHREPORT{Boyle1983NASA,
  author = {Boyle, A. R. and Dangermond, J. and Marble, D. F. and Simonett, D.
	S. and Smith, L. K. and
	
	Tomlinson, R. F.},
  title = {Final Report of a Conference on the Review and Synthesis of Problems
	and Directions for Large Scale Geographic Information System Development},
  institution = {National Aeronautics and Space Administration},
  year = {1983}
}

@BOOK{Breiman1984WB,
  title = {Classification and regression trees},
  publisher = {Wadsworth and Brooks.},
  year = {1984},
  author = {Breiman, L. and Friedman, F. and Olshen, R. and Stone, C.},
  owner = {volaya},
  timestamp = {2010.10.12}
}

@ARTICLE{Bresenham1965IBM,
  author = {Bresenham, J. E},
  title = {Algorithm for Computer Control of a Digital Plotter},
  journal = {IBM Systems Journal},
  year = {1965},
  volume = {4},
  pages = {25-30}
}

@CONFERENCE{Brimicombre2002GIS,
  author = {Brimicombe, A. J.},
  title = {GIS - Where are the frontiers now?},
  booktitle = {Proceeding GIS 2002},
  year = {2002},
  pages = {33-45},
  owner = {volaya},
  timestamp = {2010.08.30}
}

@BOOK{Brito2002IME,
  title = {Fotogrametria Digital},
  publisher = {Instituto Militar de Engenharia},
  year = {2002},
  author = {J. N. Brito and L. Coelho},
  note = {Disponible en \url{http://www.efoto.eng.uerj.br/en:ebook}},
  url = {http://www.efoto.eng.uerj.br/en:ebook}
}

@TECHREPORT{Broscoe1959Naval,
  author = {Broscoe, A.J.},
  title = {Quantitative analysis of longitudinal stream profiles of small watersheds},
  institution = {Office of Naval Research, Project NR 389-042, Technical Report No.
	18, Department of
	
	Geology, Columbia University},
  year = {1959}
}

@ARTICLE{Brunet1984Questiio,
  author = {P. Brunet and LL. P\'erez Vidal},
  title = {Smooth contour line construction with spline interpolation},
  journal = {Questiio},
  year = {1984},
  volume = {8},
  pages = {133-144},
  number = {3},
  note = {Disponible en \url{http://www.raco.cat/index.php/Questiio/article/viewFile/26441/26275}},
  url = {http://www.raco.cat/index.php/Questiio/article/viewFile/26441/26275}
}

@BOOK{Buchmann1990Springer,
  title = {Design and Implementation of Large Spatial Databases},
  year = {1990},
  editor = {Springer Verlag, Berlin},
  author = {Buchmann, A. and O. Gunther and T.R. Smith and Y.-F. Wang.},
  number = {409},
  series = {Unit Notes in Computer Science}
}

@BOOK{Burrough1986Oxford,
  title = {Principles of Geographic Information Systems for Land Resource Assessment},
  publisher = {Oxford Science Publications},
  year = {1986},
  author = {Burrough, P.A.},
  pages = {193},
  series = {Monographs on Soil and Resources Survey No.~12},
  address = {New York}
}

@ARTICLE{Burrough2000FSS,
  author = {Burrough, P.A. and van Gaans, P.F.M. and MacMillan, R. A.},
  title = {High resolution landform classification using fuzzy-$k$-means},
  journal = {Fuzzy Sets and Systems},
  year = {2000},
  volume = {113},
  pages = {37-52},
  number = {1}
}

@BOOKLET{BIOCLIM,
  title = {Bioclimate Prediction System (BIOCLIM). User's Manual Version
	
	2.0},
  author = {Busby, J.R.},
  howpublished = {Australian Biological Resources},
  year = {1986},
  owner = {volaya},
  timestamp = {2010.10.12}
}

@ARTICLE{Byne1980RSE,
  author = {G. F. Byne and P. F. Crapper and K. K. Mayo},
  title = {Monitoring land-cover Change by principal component analysis of multitemporal
	landsat data},
  journal = {Remote Sensing of Environment},
  year = {1980},
  volume = {10},
  pages = {175-184},
  owner = {Victor},
  timestamp = {2007.11.11}
}

@CONFERENCE{Caldwell2000GeoComputation,
  author = {D R. Caldwell},
  title = {Extending Map Algebra with Flag Operators},
  booktitle = {Proceedings GeoComputation 2000},
  year = {2000},
  note = {Disponible en \url{http://www.geocomputation.org/2000/GC007/Gc007.htm}},
  url = {http://www.geocomputation.org/2000/GC007/Gc007.htm}
}

@INPROCEEDINGS{Camara2005SimpoBras,
  author = {Camara, G. and Palomo, D. and Souza, R.C.},
  title = {Towards a generalized map algebra: principles and data types},
  booktitle = {Proceeding VII Simposio Brasileiro de GeoInformatica.},
  year = {2005},
  note = {Disponible en \url{http://citeseerx.ist.psu.edu/viewdoc/summary?doi=10.1.1.92.1932}},
  url = {http://citeseerx.ist.psu.edu/viewdoc/summary?doi=10.1.1.92.1932}
}

@ARTICLE{Carper1990PERS,
  author = {W. J. Carper and T. M. Lillesand and R.W. Kieffer},
  title = {The Use of Intensity-Hue-Saturation Transformations for Merging SPOT
	Panchromatic and Multispectral Image Data},
  journal = {Photogrammetric Engineering and Remote Sensing,},
  year = {1990},
  volume = {56},
  pages = {459-467}
}

@PHDTHESIS{Castilla2003PhD,
  author = {Castilla, G.},
  title = {Object-oriented analysis of remote sensing images for land cover
	mapping: conceptual foundations and a segmentation method to derive
	a baseline partition for classification},
  school = {Universidad Polit\'ecnica de Madrid. Escuela Superior de Ingenieros
	de Montes},
  year = {2003},
  note = {Disponible en \url{http://oa.upm.es/133/1/07200302_castilla_castellano.pdf}},
  url = {http://oa.upm.es/133/1/07200302_castilla_castellano.pdf}
}

@ARTICLE{Chen2001IJGIS,
  author = {Chen, J.},
  title = {A raster-based method for computing Voronoi diagrams of spatial objects
	using dynamic distance transformation},
  journal = {Journal of Geographical Information Science},
  year = {2001},
  volume = {13},
  pages = {209-225},
  number = {3},
  doi = {10.1080/136588199241328},
  url = {http://dx.doi.org/10.1080/136588199241328}
}

@ARTICLE{Chen2006IEEE,
  author = {Chen, Y. and Wang, R. and Qian, J.},
  title = {Extracting contour lines from common-conditioned topographic maps},
  journal = {IEEE Transactions on Geoscience and Remote Sensing},
  year = {2006},
  volume = {44},
  pages = {1048-1057},
  number = {4}
}

@INPROCEEDINGS{Chen1987Autocarto,
  author = {Chen, Z. and Guevara, J.A.},
  title = {Systematic selection of very important points (VIP) from digital
	terrain models for construction triangular irregular networks},
  booktitle = {Proceedings AutoCarto 8},
  year = {1987},
  pages = {50-56},
  note = {Disponible en \url{http://mapcontext.com/autocarto/proceedings/auto-carto-8/pdf/systematic-selection-of-very-important-points(VIP)-from-digital-terrain-models.pdf}},
  url = {http://mapcontext.com/autocarto/proceedings/auto-carto-8/pdf/systematic-selection-of-very-important-points(VIP)-from-digital-terrain-models.pdf}
}

@ARTICLE{Cheriton1976SIAM,
  author = {Cheriton, D. and Tarjan, R. E.},
  title = {Finding minimum spanning trees},
  journal = {SIAM J. Computing},
  year = {1976},
  volume = {5},
  pages = {724-742}
}

@BOOK{Chorley1972Methuen,
  title = {Spatial Analysis in Geomorphology},
  publisher = {Methuen},
  year = {1972},
  author = {Chorley, R.J.f}
}

@BOOK{Chow1988McGraw,
  title = {Applied Hydrology},
  publisher = {McGraw-Hill},
  year = {1988},
  author = {Chow, V.T and Maidment, D.R. and Mays, L.W.}
}

@INPROCEEDINGS{Chrisman1989Autocarto,
  author = {Chrisman, N.},
  title = {Error in Categorical Maps: Testing versus Simulation},
  booktitle = {Proceedings, AutoCarto 9},
  year = {1989},
  pages = {521-529},
  note = {Disponible en \url{http://mapcontext.com/autocarto/proceedings/auto-carto-9/pdf/error-in-categorical-maps-testing-versus-simulation.pdf}},
  url = {http://mapcontext.com/autocarto/proceedings/auto-carto-9/pdf/error-in-categorical-maps-testing-versus-simulation.pdf}
}

@BOOK{Chuvieco1996Rialp,
  title = {Fundamentos de teledetecci\'on espacial 3 ed},
  publisher = {Ediciones Rialp},
  year = {1996},
  author = {E. Chuvieco},
  pages = {568}
}

@ARTICLE{Chuvieco1990PEARS,
  author = {E. Chuvieco and M.P Martin},
  title = {Global fire mapping and fire danger estimation using AVHRR images},
  journal = {Photogrammetric Engineering And Remote Sensing},
  year = {1990},
  volume = {60}
}

@BOOK{Cliff1973Pion,
  title = {Spatial Autocorrelation},
  publisher = {Pion},
  year = {1973},
  author = {Cliff, A.D. and JK Ord}
}

@ARTICLE{Clinton1994FR,
  author = {Clinton, W.},
  title = {Executive Order 12906: Coordinating Geographic Data Acquisition and
	Access: The National Spatial Data Infrastructure},
  journal = {Federal Register},
  year = {1994},
  volume = {59},
  pages = {17671-17674},
  note = {Disponible en \url{http://www.fgdc.gov/policyandplanning/executive_order}},
  owner = {volaya},
  timestamp = {2010.08.23},
  url = {http://www.fgdc.gov/policyandplanning/executive_order}
}

@ARTICLE{Codd1969ACM,
  author = {Codd, E.F.},
  title = {A Relational Model of Data for Large Shared Data Banks},
  journal = {Communications of the ACM},
  year = {1970},
  volume = {13},
  pages = {377-387},
  number = {6},
  owner = {volaya},
  timestamp = {2009.09.12}
}

@BOOK{Cole1968Wiley,
  title = {Quantitative Geography.},
  publisher = {John Wiley \& Sons},
  year = {1968},
  author = {Cole, J. P. and King, C. A. M.}
}

@PHDTHESIS{Conrad2007phd,
  author = {Conrad, O.},
  title = {SAGA - Entwurf, Funktionsumfang und Anwendung eines Systems f칲r Automatisierte
	Geowissenschaftliche Analysen.},
  school = {University of Goettingen},
  year = {2007},
  note = {Disponible en \url{http://webdoc.sub.gwdg.de/diss/2007/conrad/conrad.pdf}},
  owner = {volaya},
  timestamp = {2010.08.30},
  url = {http://webdoc.sub.gwdg.de/diss/2007/conrad/conrad.pdf}
}

@ARTICLE{CostaCabral1994WRR,
  author = {Costa-Cabral, M. and Burges, S.J.},
  title = {Digital Elevation Model Networks (DEMON): a model of flow over hillslopes
	for computation of contributing and dispersal areas},
  journal = {Water Resources Research},
  year = {1994},
  volume = {30},
  pages = {1681-1692},
  number = {6}
}

@INCOLLECTION{Couclelis1992Springer,
  author = {H. Couclelis},
  title = {People manipulate objects (but cultivate fields): beyond the raster-vector
	debate in GIS},
  booktitle = {Theories and Methods of Spatio-Temporal Reasoning in Geographic Space,
	vol. 639, Lecture Notes in Computer Science},
  publisher = {Springer-Verlag},
  year = {1992},
  editor = {A. U., Frank and I. Campari and U. Formentini},
  pages = {65-77}
}

@BOOK{Cox1980Chapman,
  title = {Point Processes},
  publisher = {Chapman \& Hall},
  year = {1980},
  author = {Cox, D. R. and Isham, V.}
}

@CONFERENCE{Craglia2009INSPIRE,
  author = {Craglia, M.},
  title = {INSPIRE:The European Spatial Data Infrastructure},
  booktitle = {INSPIRE Conference 2009},
  year = {2009},
  owner = {volaya},
  timestamp = {2010.08.20}
}

@ARTICLE{Craglia2010IJSDIR,
  author = {Craglia, M. and Campagna, M.},
  title = {Advanced Regional SDI in Europe: Comparative cost-benefit evaluation
	and impact assessment perspectives},
  journal = {International Journal of Spatial Data Infrastructures Research},
  year = {2010},
  volume = {5},
  pages = {145-167},
  note = {Disponible en \url{http://ijsdir.jrc.ec.europa.eu/index.php/ijsdir/article/viewFile/166/242}},
  owner = {volaya},
  timestamp = {2010.08.26},
  url = {http://ijsdir.jrc.ec.europa.eu/index.php/ijsdir/article/viewFile/166/242}
}

@BOOK{Cressie1991Wiley,
  title = {Statistics for spatial data},
  publisher = {John Wiley \& Sons},
  year = {1991},
  author = {Cressie, N.A.C.},
  pages = {920}
}

@BOOK{Culebro2006,
  title = {Software libre vs software propietario. Ventajas y desventajas},
  year = {2006},
  author = {Culebro, M. and Gomez, W. and Torres, S.},
  note = {Disponible en \url{http://www.softwarelibre.cl/drupal//files/32693.pdf}},
  owner = {volaya},
  timestamp = {2008.05.27},
  url = {http://www.softwarelibre.cl/drupal//files/32693.pdf}
}

@BOOK{Curran1991Longman,
  title = {Principles of remote sensing},
  publisher = {Longman},
  year = {1989},
  author = {P. Curran}
}

@BOOK{Date1986BBDD,
  title = {An introduction to database systems},
  publisher = {Addison Wesley},
  year = {1986},
  author = {Date, C.J.},
  edition = {2nd},
  owner = {volaya},
  timestamp = {2009.09.12}
}

@ARTICLE{David1954AnnalsBotany,
  author = {David, F. and Moore, P.},
  title = {Notes on contagious distributions in plant populations.},
  journal = {Annals of Botany},
  year = {1954},
  volume = {18},
  pages = {47-53}
}

@INPROCEEDINGS{Davis2003Geoinfo,
  author = {C. A. Davis and F. T. Fonseca and K. A. V. Borges},
  title = {A Flexible Addressing System for Approximate Geocoding},
  booktitle = {V Brazilian Symposium on GeoInformatics},
  year = {2003},
  note = {Disponible en \url{http://www.geoinfo.info}},
  url = {http://www.geoinfo.info}
}

@ARTICLE{Delaunay1934OMEN,
  author = {B. Delaunay},
  title = {Sur la sph\`ere vide},
  journal = {Otdelenie Matematicheskikh i Estestvennykh Nauk},
  year = {1934},
  volume = {8},
  pages = {793-800},
  publisher = {Izvestia Akademii Nauk SSSR}
}

@BOOK{Dent1999McGraw,
  title = {Cartography -- Thematic Map Design fifth Edition},
  publisher = {McGraw-Hill},
  year = {1999},
  author = {Dent, B. D.},
  owner = {volaya},
  timestamp = {2010.09.21}
}

@ARTICLE{Dey2001PUC,
  author = {Dey, A.},
  title = {Understanding and Using Context},
  journal = {Personal and Ubiquitous Computing},
  year = {2001},
  volume = {5},
  pages = {4-7},
  number = {1},
  note = {Disponible en \url{http://citeseerx.ist.psu.edu/viewdoc/summary?doi=10.1.1.31.9786}},
  owner = {volaya},
  timestamp = {2010.09.10},
  url = {http://citeseerx.ist.psu.edu/viewdoc/summary?doi=10.1.1.31.9786}
}

@BOOK{Diaz1986Reading,
  title = {Spatial Data Processing using Tesseral Methods},
  publisher = {Natural Environment Research Council, Reading, UK},
  year = {1986},
  author = {Diaz,B. and Bell, S.}
}

@ARTICLE{Diener1989ASIS,
  author = {Diener, R.},
  title = {Information Science: What is it?...What Should it Be?},
  journal = {Bulletin of ASIS},
  year = {1989},
  volume = {June/July},
  pages = {17-21},
  owner = {volaya},
  timestamp = {2010.08.12}
}

@BOOK{Diggle2003Arnold,
  title = {Statistical Analysis of Spatial Point Patterns.2nd ed.},
  publisher = {Arnold. London, UK.},
  year = {2003},
  author = {Diggle, P.J.}
}

@ARTICLE{Dijkstra1959NumMath,
  author = {E. W. Dijkstra},
  title = {A note on two problems in connexion with graphs},
  journal = {Numerische Mathematik},
  year = {1959},
  volume = {1},
  pages = {269-271}
}

@INCOLLECTION{Dikau1989TF,
  author = {Dikau, R.},
  title = {The application of a digital relief model to landform analysis in
	geomorphology},
  booktitle = {Three Dimensional Applications in Geographical Information Systems},
  publisher = {Taylor \& Francis},
  year = {1989},
  editor = {Raper, J.},
  pages = {51-77},
  address = {London}
}

@BOOK{Dikau1991USGS,
  title = {Landform classification of New Mexico by computer},
  publisher = {U.S. Dept Interior, U.S. Geological Survey.},
  year = {1991},
  author = {Dikau, R. Brabb, E.E. and Mark, R.M},
  pages = {26}
}

@INCOLLECTION{Donelly1978Cambridge,
  author = {Donnelly, K. P.},
  title = {Simulations to determine the variance and edge efect of total nearest
	neighbour distance},
  booktitle = {Simulation Studies in Archaeology},
  publisher = {Cambridge University Press},
  year = {1978},
  editor = {Hodder, I.},
  pages = {91-95}
}

@ARTICLE{Douglas1973TAC,
  author = {Douglas, D.H. and Peucker, T.K.},
  title = {Algorithms for the Reduction of the Number of Points Required to
	Represent a Line or Its Character},
  journal = {The American Cartographer},
  year = {1973},
  volume = {10},
  pages = {112-123},
  number = {2}
}

@ARTICLE{Douglas1994Cartographica,
  author = {Douglas, D. H.},
  title = {Least-cost path in GIS using an accumulated cost surface and slope
	lines},
  journal = {Cartographica},
  year = {1994},
  volume = {31},
  pages = {37-51.}
}

@ARTICLE{Douglas1975Sankhya,
  author = {Douglas, J.},
  title = {Clustering and aggregation.},
  journal = {Sankhya},
  year = {1975},
  volume = {37},
  pages = {398-417.}
}

@ARTICLE{Dube2000SSAndC,
  author = {S. Dube and L. Hong},
  title = {An Adaptive Algorithm for Image Resolution Enhancement},
  journal = {Signals, Systems and Computers},
  year = {2000},
  volume = {2},
  pages = {1731-1734}
}

@ARTICLE{Dunlavey1983ACM,
  author = {M. R. Dunlavey},
  title = {Efficient Polygon-Filling Algorithms for Raster Displays},
  journal = {ACM Trans. Graph.},
  year = {1983},
  volume = {2},
  pages = {264-273},
  number = {4}
}

@ARTICLE{Dyn1990IMA,
  author = {Dyn, N. and Levin, D. and Rippa, S.},
  title = {Data dependent triangulation for piecewise interpolation},
  journal = {IMA Journal of Numerical Analysis},
  year = {1990},
  volume = {10},
  pages = {137-154},
  number = {1}
}

@ARTICLE{Lopez2001IG,
  author = {L\'opez E.M. and Bocco, G and Mendoza, M.E.},
  title = {Predicci\'on del cambio de cobertura y uso del suelo. El caso de
	la ciudad de Morelia},
  journal = {Investigaciones Geograficas, Bolet칤n del Instituto de Geografia UNAM},
  year = {2001},
  volume = {45},
  pages = {56--76},
  note = {Disponible en \url{http://www.igeograf.unam.mx/web/sigg/docs/pdfs/publicaciones/inves_geo/boletines/45/b45_art341.pdf}},
  owner = {volaya},
  timestamp = {2010.11.03},
  url = {http://www.igeograf.unam.mx/web/sigg/docs/pdfs/publicaciones/inves_geo/boletines/45/b45_art341.pdf}
}

@INCOLLECTION{Eason1994Belhaven,
  author = {Eason, K.D.},
  title = {Planning for Change: Introducing a Geographical Information System},
  booktitle = {Human Factors in Geographical Information Systems},
  publisher = {Belhaven},
  year = {1994},
  editor = {Medyckyj-Scott, D.J.;Hearnshaw, H. M.},
  pages = {199-209},
  owner = {volaya},
  timestamp = {2010.08.15}
}

@INPROCEEDINGS{Eastman1989Autocarto,
  author = {Eastman, J.R.},
  title = {Pushbroom algorithms for calculating distances in raster grids},
  booktitle = {Proceedings, AutoCarto 9},
  year = {1989},
  note = {Disponible en \url{http://mapcontext.com/autocarto/proceedings/auto-carto-9/pdf/pushbroom-algorithms-for-calculating-distances-in-raster-grids.pdf}},
  url = {http://mapcontext.com/autocarto/proceedings/auto-carto-9/pdf/pushbroom-algorithms-for-calculating-distances-in-raster-grids.pdf}
}

@ARTICLE{Egenhofer1994IEEE,
  author = {Egenhofer, M.J.},
  title = {Spatial SQL: a query and presentation language},
  journal = {IEEE Transactions on Knowledge and Data Engineering},
  year = {1994},
  volume = {6},
  pages = {86-95},
  note = {Disponible en \url{http://www.spatial.maine.edu/~max/SSQL.pdf}},
  owner = {volaya},
  timestamp = {2010.09.20},
  url = {http://www.spatial.maine.edu/~max/SSQL.pdf}
}

@CONFERENCE{Egenhofer1989Springer,
  author = {Egenhofer, M. A.},
  title = {Formal definition of binary topological relationships.},
  booktitle = {Third international conference on data organization and algorithms
	(FODO) Lecture notes in computer science},
  year = {1989},
  pages = {457-472},
  publisher = {Springer-verlag}
}

@INBOOK{Egenhofer1991Maguire,
  chapter = {High-Level Spatial Data Structures},
  pages = {227-237},
  title = {Geographical Information Systems, Vol. 1: Principles},
  publisher = {Longman},
  year = {1991},
  editor = {D. Maguire and M. Goodchild and D. Rhind},
  author = {M. Egenhofer and J. Herring}
}

@ARTICLE{egenhofer98metric,
  author = {Max J. Egenhofer and A. Rashid B. M. Shariff},
  title = {Metric details for natural-language spatial relations},
  journal = {ACM Transactions on Information Systems},
  year = {1998},
  volume = {16},
  pages = {295--321},
  number = {4},
  note = {Disponible en \url{http://citeseer.ist.psu.edu/egenhofer98metric.html}},
  url = {http://citeseer.ist.psu.edu/egenhofer98metric.html}
}

@ARTICLE{Ellyett1974RSE,
  author = {C.D. Ellyett and A.W. Fleming},
  title = {Thermal infrared imagery of the burning mountain coal fire},
  journal = {Remote Sensing of Environment},
  year = {1974},
  volume = {3},
  pages = {79-86}
}

@ARTICLE{Hernandez2007AES,
  author = {A. Hern\'{a}ndez Encinas and L. Hern\'{a}ndez Encinas and S. Hoya
	White and A. Mart\'{\i}n del Rey and G. Rodr\'{\i}guez S\'{a}nchez},
  title = {Simulation of forest fire fronts using cellular automata},
  journal = {Adv. Eng. Softw.},
  year = {2007},
  volume = {38},
  pages = {372--378},
  number = {6}
}

@BOOKLET{ESRI2010Energy,
  title = {GIS best practices. GIS for Renewable Energy},
  author = {ESRI},
  year = {2010},
  note = {Disponible en \url{http://www.esri.com/library/bestpractices/renewable-energy.pdf}},
  owner = {volaya},
  timestamp = {2010.10.30},
  url = {http://www.esri.com/library/bestpractices/renewable-energy.pdf}
}

@BOOKLET{ESRI2007MobileGIS,
  title = {GIS best practices. Mobile GIS},
  author = {ESRI},
  year = {2007},
  note = {Disponible en \url{http://www.esri.com/library/bestpractices/mobile-gis.pdf}},
  owner = {volaya},
  timestamp = {2010.08.30},
  url = {http://www.esri.com/library/bestpractices/mobile-gis.pdf}
}

@TECHREPORT{ESRI2004,
  author = {ESRI},
  title = {Cartographic Design Process: Artistic Interpretation With the Database.
	An ESRI White Paper},
  institution = {ESRI},
  year = {2004},
  note = {Disponible en \url{http://www.esri.com/library/whitepapers/pdfs/cartographic-design.pdf}},
  owner = {volaya},
  timestamp = {2010.09.14},
  url = {http://www.esri.com/library/whitepapers/pdfs/cartographic-design.pdf}
}

@TECHREPORT{ESRI2003ESRI,
  author = {ESRI},
  title = {Enterprise Geographic Information Servers: A New Information System
	Architecture. A ESRI White paper},
  institution = {ESRI},
  year = {2003},
  note = {Disponible en \url{http://www.esri.com/library/whitepapers/pdfs/enterprise-gis.pdf}},
  owner = {Usuario},
  timestamp = {2008.05.20},
  url = {http://www.esri.com/library/whitepapers/pdfs/enterprise-gis.pdf}
}

@TECHREPORT{ESRI2002GISCAD,
  author = {ESRI},
  title = {GIS and CAD-The Right Tool for the Job. An ESRI white paper},
  institution = {ESRI},
  year = {2002},
  note = {Disponible en \url{http://www.systematics.co.il/gis/Support/Download/July2007/GIS_and_CAD.pdf}},
  owner = {volaya},
  timestamp = {2008.05.25},
  url = {http://www.systematics.co.il/gis/Support/Download/July2007/GIS_and_CAD.pdf}
}

@INCOLLECTION{Evans1972Harper,
  author = {Evans, I.S.},
  title = {General geomorphometry, derivatives of altitude, and descriptive
	statistics},
  booktitle = {Spatial analysis in geomorphology},
  publisher = {Harper \& Row},
  year = {1972},
  editor = {Chorley, R.J.},
  pages = {17-90},
  adress = {New York}
}

@ARTICLE{Evans1954Ecology,
  author = {Evans, P. J. and Evans, F. C.},
  title = {Distance to nearest neighbour as a measure of spatial relations in
	populations},
  journal = {Ecology},
  year = {1954},
  volume = {35},
  pages = {445-453}
}

@ARTICLE{Fairfield1991WRR,
  author = {Fairfield, J. and Leymarie, P.},
  title = {Drainage Networks from Grid Digital Elevation Models},
  journal = {Water Resources Research},
  year = {1991},
  volume = {27},
  pages = {709-717},
  number = {5}
}

@TECHREPORT{Fall2000RB,
  author = {Fall, A. and Morgan, D.G.},
  title = {Ecological Soil Moisture Prediction Models},
  institution = {Research Branch. BC Ministry of Forests. Smithers, BC.},
  year = {2000}
}

@ARTICLE{Felicisimo1994ISPRS,
  author = {Felic\'isimo, A.},
  title = {Parametric statistical method for error detection in digital elevation
	models},
  journal = {ISPRS Journal of Photogrammetry and Remote Sensing},
  year = {1994},
  volume = {49},
  pages = {29-33},
  number = {4}
}

@BOOK{Felicisimo1994Pentalfa,
  title = {Modelos digitales del terreno. Introducci\'on y aplicaciones en las
	ciencias ambientales},
  publisher = {Pentalfa Ediciones},
  year = {1994},
  author = {Felic\'isimo, A.M.},
  pages = {222},
  note = {Disponible en \url{http://www.etsimo.uniovi.es/~feli/pdf/libromdt.pdf}},
  url = {http://www.etsimo.uniovi.es/~feli/pdf/libromdt.pdf}
}

@ARTICLE{Felicisimo2005Dehesa,
  author = {Felic\'isimo, A.M., G\'omez and A. and Mu\'noz, J.},
  title = {Potencial distribution of forest species in dehesas of Extremadura
	(Spain)},
  journal = {Sustainability of Agrosilvopastoral Systems -Dehesa, Montados-},
  year = {2005},
  pages = {231--246},
  owner = {volaya},
  timestamp = {2010.10.12}
}

@ARTICLE{Finkel1974Acta,
  author = {R. Finkel and J.L. Bentley},
  title = {Quad Trees: A Data Structure for Retrieval on Composite Keys},
  journal = {Acta Informatica},
  year = {1974},
  volume = {4},
  pages = {1-9},
  number = {1}
}

@BOOK{Fisher1993Cambridge,
  title = {Statistical analysis of circular data},
  publisher = {Cambridge University Press.},
  year = {1993},
  author = {Fisher, N. I.}
}

@INBOOK{Fisher1999Wiley,
  chapter = {Models of uncertainty in spatial data},
  pages = {191-205},
  title = {Geographical Information
	
	Systems: Principles and technical issues},
  publisher = {John Wiley \& Sons},
  year = {1999},
  editor = {Longley, P.A. and Goodchild, M.F. and Maguire, D.J. and Rhind, D.W.},
  author = {Fisher, P.F.}
}

@BOOK{fogel05,
  title = {Producing {Open Source Software}},
  publisher = {O'Reilly Media},
  year = {2005},
  author = {Fogel, Karl},
  url = {http://producingoss.com}
}

@BOOK{Foley1997Addison,
  title = {Computer graphics: principles and practice},
  publisher = {Addison-Wesley Publishing Company, Inc},
  year = {1997},
  author = {Foley, J.D. and A. van Dam and S.K. Feiner and J.F. Hughes},
  pages = {1197}
}

@ARTICLE{Foody1996IJRS,
  author = {G. M. Foody},
  title = {Approaches for the production and evaluation of fuzzy land cover
	classifications from remotely sensed data},
  journal = {Int. J. Remote Sensing},
  year = {1996},
  volume = {17},
  pages = {1317-1340},
  number = {7}
}

@MISC{Foote2000,
  author = {Kenneth E. Foote and Donald J. Huebner},
  title = {Error, Accuracy, and Precision},
  howpublished = {\url{http://www.colorado.edu/geography/gcraft/notes/error/error.html}},
  year = {2000},
  url = {http://www.colorado.edu/geography/gcraft/notes/error/error.html}
}

@BOOK{Foresman1998Prentice,
  title = {The history of Geographic Information Systems.},
  publisher = {Prentice Hall},
  year = {1998},
  author = {Foresman, T.W.}
}

@ARTICLE{Forgy1965Biometrics,
  author = {E. Forgy},
  title = {Cluster analysis of multivariate data: Efficiency vs. interpretabilityof
	classifications},
  journal = {Biometrics},
  year = {1965},
  volume = {21},
  pages = {768}
}

@ARTICLE{Forman1983Bioscience,
  author = {Forman, R. T. T.},
  title = {An ecology of the landscape},
  journal = {Bioscience},
  year = {1983},
  volume = {33},
  pages = {535},
  owner = {volaya},
  timestamp = {2010.10.14}
}

@INBOOK{Fortune1992WC,
  chapter = {Voronoi Diagrams and Delaunay Triangulations},
  pages = {193-233},
  title = {Computing in Euclidean Geometry},
  publisher = {World Scientific},
  year = {1992},
  editor = {Ding-Zhu Du and Frank Hwang},
  author = {Steven Fortune},
  series = {Lecture Notes Series on Computing}
}

@BOOK{Foster1990Wiley,
  title = {Process-based modelling of soil erosion by water on agricultural
	land},
  publisher = {John Wiley and Sons},
  year = {1990},
  editor = {Boardman, J. and Foster, I.D.L. and Dearing, J.A.},
  author = {Foster, G.R. P},
  pages = {429-445},
  chapter = {Process--based modelling of soil erosion by water on agricultural
	land , en {\it Soil Erosion on Agricultural Land}, John Wiley and
	Sons Ltd, pp. 429-445, 1990}
}

@BOOK{Fotheringam2002Wiley,
  title = {Geographically Weighted Regression: The Analysis of Spatially Varying
	Relationships},
  publisher = {Wiley},
  year = {2002},
  author = {Fotheringham, A.S. and Brunsdon, C. and Charlton, M.E.}
}

@ARTICLE{Fowler1979CG,
  author = {Fowler, R.J. and Little, J.J.},
  title = {Automatic extraction of irregular network digital terrain models},
  journal = {Computer Graphics},
  year = {1979},
  volume = {13},
  pages = {199-207}
}

@INBOOK{Frank1991Longmans,
  chapter = {Language issues for GIS},
  pages = {147-163},
  title = {Geographical Information Systems: Principles and Applications},
  publisher = {Longmans},
  year = {1991},
  editor = {D.J. Maguire and M.F. Goodchild and D.W. Rhind},
  author = {Frank, A.U. and Mark, D.M.}
}

@INBOOK{Freksa1991Kluwer,
  chapter = {Qualitative Spatial Reasoning},
  title = {Cognitive and linguistic aspects of geographic space},
  publisher = {Kluwer},
  year = {1991},
  editor = {D.M. Mark and A. Frank},
  author = {Freksa, C.}
}

@ARTICLE{Fung1987PERS,
  author = {T. Fung and E. LeDrew},
  title = {Application of principal component analysis to change detection},
  journal = {Photogrammetric Engineering and Remote Sensing},
  year = {1987},
  volume = {53},
  pages = {1649-1658},
  number = {12}
}

@BOOK{Brunner2008HEC,
  title = {HEC-RAS River Analysis System Hydraulic Reference Manual},
  publisher = {US Army Corp of Engineers. Hydrologic Engineering Center.},
  year = {2008},
  author = {Brunner G.W.},
  note = {Disponible en \url{http://www.hec.usace.army.mil/software/hec-ras/documents/HEC-RAS_4.0_Reference_Manual.pdf}},
  url = {http://www.hec.usace.army.mil/software/hec-ras/documents/HEC-RAS_4.0_Reference_Manual.pdf}
}

@ARTICLE{Gomez2004Geofocus,
  author = {G\'omez Delgado, M. and Bosque Sendra, J.},
  title = {Aplicaci칩n de an\'alisis de incertidumbre como m\'etodo de validaci\'on
	y control del riesgo en la toma de decisiones},
  journal = {GeoFocus},
  year = {2004},
  volume = {4},
  pages = {179-208},
  note = {Disponible en \url{http://geofocus.rediris.es/docPDF/Articulo9_2004.pdf}},
  url = {http://geofocus.rediris.es/docPDF/Articulo9_2004.pdf}
}

@INPROCEEDINGS{Domez2008Girona,
  author = {D. G\'omez and M. de la Calle and V. Toboso and Raquel Mart칤nez},
  title = {Uso de Comet (Reverse AJAX) en los SIG. Prototipo de SIG colaborativo.},
  booktitle = {II Jornadas de SIG Libre. Girona},
  year = {2008},
  note = {Disponible en \url{http://www.sigte.udg.es/jornadassiglibre/uploads/file/Comunicaciones/2.pdf}},
  url = {http://www.sigte.udg.es/jornadassiglibre/uploads/file/Comunicaciones/2.pdf}
}

@ARTICLE{Gabriel1969SZ,
  author = {Gabriel, K.R. and Sokal, R.R.},
  title = {A new statistical approach to geographic variation analysis},
  journal = {Systematic Zoology},
  year = {1969},
  volume = {18},
  pages = {259-278}
}

@ARTICLE{Gallant1996CG,
  author = {Gallant, J.C. and Wilson, J.P.},
  title = {TAPES-G: a grid-based terrain analysis program for the environmental
	sciences},
  journal = {Computers \& Geosciences},
  year = {1996},
  volume = {22},
  pages = {713-722},
  number = {7}
}

@ARTICLE{Gallo1988Annals,
  author = {Gallo, G. and Pallottino, S.},
  title = {Shortest Paths Algorithms},
  journal = {Annals of Operations Research},
  year = {1988},
  volume = {13},
  pages = {3-79}
}

@ARTICLE{Garbrecht1997JH,
  author = {Garbrecht, J. and Martz, L. W.},
  title = {The assignment of drainage direction over flat surfaces in raster
	digital elevation models},
  journal = {Journal of Hydrology},
  year = {1997},
  volume = {193},
  pages = {204-213},
  number = {1-4}
}

@BOOK{Lerma2002UPV,
  title = {Fotogrametr\'ia Moderna: Anal\'itica y Digital.},
  publisher = {Universidad Polit\'ecnica de Valencia.},
  year = {2002},
  author = {Jos\'e Luis Lerma Garc\'ia.}
}

@ARTICLE{Garrote1995JH,
  author = {Garrote, L. and Bras, R.L.},
  title = {A distributed model for real--time flood forecasting using digital
	elevation models},
  journal = {Journal of Hydrology},
  year = {1995},
  volume = {167},
  pages = {279--306}
}

@BOOK{Gatrell1983Clarendon,
  title = {Distance and space: a geographical perspective.},
  publisher = {Clarendon Press},
  year = {1983},
  author = {Gatrell, A.}
}

@ARTICLE{Geary1954Incorporated,
  author = {Geary, R.},
  title = {The contiguity ratio and statistical mapping},
  journal = {The Incorporated Statistician},
  year = {1954},
  volume = {5},
  pages = {115-145}
}

@ARTICLE{Getis1992GeoAnal,
  author = {Getis, A. and Ord, J.K.},
  title = {The analysis of spatial association by use of distance statistics},
  journal = {Geographical Analysis},
  year = {1992},
  volume = {24},
  pages = {189-206}
}

@ARTICLE{Gilabert1997Revista,
  author = {Gilabert, M.A. and Gonzalez-Piqueras, J and Garcia-haro, J.},
  title = {Acerca de los Indices de vegetacion},
  journal = {Revista de Teledeteccion},
  year = {1997},
  volume = {8},
  note = {Disponible en \url{http://www.aet.org.es/revistas/revista8/AET8_4.pdf}},
  url = {http://www.aet.org.es/revistas/revista8/AET8_4.pdf}
}

@ARTICLE{Glasa2007JAMSI,
  author = {J. Glasa and L. Halada},
  title = {Envelope theory and its application for a forest firefront evolution},
  journal = {Journal of Applied Mathematics, Statistics and Informatics},
  year = {2007},
  volume = {3},
  note = {Disponible en \url{http://www.ucm.sk/FPV/jamsi/docs/v03n01_10_2007/v03n01_03_Glasa_Halada.pdf}},
  url = {http://www.ucm.sk/FPV/jamsi/docs/v03n01_10_2007/v03n01_03_Glasa_Halada.pdf}
}

@BOOK{Gonzales1993Addison,
  title = {Digital Image Processing.},
  year = {1993},
  editor = {Addison-Wesley},
  author = {Gonzales, R. C. and Woods, R. E.},
  pages = {716}
}

@ARTICLE{Goodchild2007VGI,
  author = {Goodchild, M.F.},
  title = {Citizens as Voluntary Sensors: Spatial Data Infraestructure in the
	World of Web 2.0.},
  journal = {International Journal of Spatial Data Infraestructures Research},
  year = {2007},
  volume = {2},
  pages = {24-32},
  note = {Disponible en \url{http://citeseerx.ist.psu.edu/viewdoc/summary?doi=10.1.1.162.2017}},
  owner = {volaya},
  timestamp = {2010.09.04},
  url = {http://citeseerx.ist.psu.edu/viewdoc/summary?doi=10.1.1.162.2017}
}

@MISC{goodchildVGI,
  author = {Goodchild, M.},
  title = {Citizens as sensors: the world of volunteered geography},
  howpublished = {\url{http://www.esf.edu/nysgisconf/2008/Goodchild_VGI2007.pdf}},
  year = {2007},
  owner = {volaya},
  timestamp = {2008.05.24},
  url = {http://www.esf.edu/nysgisconf/2008/Goodchild_VGI2007.pdf}
}

@ARTICLE{Goodchild2003JoE,
  author = {M. Goodchild and R. Haining},
  title = {GIS and spatial data analysis: Converging perspectives},
  journal = {Journal of Economics},
  year = {2003},
  volume = {83},
  pages = {363-385},
  number = {1},
  month = {October},
  note = {Disponible en \url{http://www.geog.ucsb.edu/~good/papers/387.pdf}},
  url = {http://ideas.repec.org/a/kap/jeczfn/v83y2003i1p363-385.html}
}

@MISC{NCGIA,
  author = {Goodchild, M.F. and K.K. Kemp},
  title = {NCGIA Core Curriculum in GIS},
  year = {1990},
  note = {Disponible en \url{http://www.ncgia.ucsb.edu/giscc/}},
  url = {http://www.ncgia.ucsb.edu/giscc/}
}

@MISC{webGoodchildNCGIA,
  author = {M. F. Goodchild},
  title = {What is Geographic Information Science? NCGIA Core Curriculum in
	GIScience},
  year = {1997},
  note = {Disponible en \url{http://www.ncgia.ucsb.edu/giscc/units/u002/}},
  url = {http://www.ncgia.ucsb.edu/giscc/units/u002/}
}

@ARTICLE{Goodchild1994JVS,
  author = {Goodchild, M. F.},
  title = {Integrating GIS and remote sensing for vegetation analysis and modelling:
	methodological issues},
  journal = {J. Veg. Sci.},
  year = {1994},
  volume = {5},
  pages = {615-26}
}

@BOOK{Goovaerts1997Oxford,
  title = {Geostatistics for Natural Resources Evaluation (Applied Geostatistics)},
  publisher = {Oxford University Press},
  year = {1997},
  author = {Goovaerts, P.},
  pages = {496},
  address = {New York}
}

@ARTICLE{Gordon1985AI,
  author = {Gordon, J. and Shortliffe, E.H.},
  title = {A Method for Managing Evidential Reasoning in a Hierarchical Hypothesis
	Space},
  journal = {Artificial Intelligence},
  year = {1985},
  volume = {26},
  pages = {323-357},
  note = {Disponible en \url{ftp://reports.stanford.edu/pub/cstr/reports/cs/tr/84/1023/CS-TR-84-1023.pdf}},
  url = {ftp://reports.stanford.edu/pub/cstr/reports/cs/tr/84/1023/CS-TR-84-1023.pdf}
}

@ARTICLE{Greenlee1987PERS,
  author = {D. Greenlee},
  title = {Raster and vector processing for scanned line work},
  journal = {Photogrammetric Engineering and Remote Sensing},
  year = {1987},
  volume = {53},
  pages = {1383-1387},
  number = {10}
}

@BOOK{Grinshaw1994Longman,
  title = {Bringing Geographical Information Systems into Business},
  publisher = {Longman, London},
  year = {1994},
  author = {Grinshaw, D.J.},
  owner = {volaya},
  timestamp = {2010.08.13}
}

@MISC{webGruberAvalanche,
  author = {Gruber, U.},
  title = {Using GIS for avalanche hazard mapping in Switzerland},
  howpublished = {\url{http://proceedings.esri.com/library/userconf/proc01/professional/papers/pap964/p964.htm}},
  url = {http://proceedings.esri.com/library/userconf/proc01/professional/papers/pap964/p964.htm}
}

@ARTICLE{Gruber1995AG,
  author = {Gruber, U. and Haefner, T.},
  title = {Avalanche mapping with Satellite Data and a DEM},
  journal = {Applied Geography},
  year = {1995},
  volume = {15},
  pages = {99-113},
  number = {2}
}

@ARTICLE{Guisan2000EM,
  author = {Guisan, A., and Zimmermann, N.},
  title = {Predictive habitat distribution models in ecology.},
  journal = {Ecol. Model},
  year = {2000},
  volume = {135},
  pages = {147--186.},
  note = {Disponible en \url{http://citeseerx.ist.psu.edu/viewdoc/summary?doi=10.1.1.170.1979}},
  owner = {volaya},
  timestamp = {2010.10.11},
  url = {http://citeseerx.ist.psu.edu/viewdoc/summary?doi=10.1.1.170.1979}
}

@ARTICLE{Gumbel1942BAMS,
  author = {Gumbel, E J .},
  title = {On the frequency distribution of extreme values in meteorological
	data},
  journal = {Bull. Amer. Met. Soc.},
  year = {1942},
  volume = {23},
  pages = {95-105}
}

@BOOK{Gutierrez1994Sintesis,
  title = {SIG, Sistema de Informaci\'on Geogr\'afica},
  publisher = {Editorial S\'intesis, S.A.},
  year = {1994},
  author = {Guti\'errez Puebla, J. and Gould, M.}
}

@ARTICLE{Guting1994VLDB,
  author = {R. H. Guting},
  title = {An Introduction to Spatial Database Systems},
  journal = {VLDB Journal},
  year = {1994},
  volume = {3},
  number = {4},
  note = {Disponoble en \url{http://ksuseer1.ist.psu.edu/viewdoc/summary?doi=10.1.1.62.1867}},
  url = {http://ksuseer1.ist.psu.edu/viewdoc/summary?doi=10.1.1.62.1867}
}

@ARTICLE{Gyasi1995HydroProc,
  author = {Gyasi-Agyei, Y. and G. Willgoose and F. P. De Troch},
  title = {Effects of vertical resolution and map scale of digital elevation
	models on geomorphological parameters used in hydrology},
  journal = {Hydrol. Processes},
  year = {1995},
  volume = {9},
  pages = {363--382}
}

@ARTICLE{Campbell1992IJGIS,
  author = {Campbell H.J. and Masser, I.},
  title = {GIS in local government; some findings from Great Britain},
  journal = {International Journal of Geographical Information Systems},
  year = {1992},
  volume = {6},
  pages = {529-46},
  owner = {volaya},
  timestamp = {2010.08.14}
}

@MISC{HaeberlingDesign3D,
  author = {Haeberling, C.},
  title = {Cartographic design principles for 3d maps - a contribution to cartographic
	theory},
  howpublished = {\url{http://icaci.org/documents/ICC_proceedings/ICC2005/htm/pdf/oral/TEMA3/Session\%206/CHRISTIAN\%20HAEBERLING.pdf}},
  owner = {volaya},
  timestamp = {2010.09.18},
  url = {http://icaci.org/documents/ICC_proceedings/ICC2005/htm/pdf/oral/TEMA3/Session\%206/CHRISTIAN\%20HAEBERLING.pdf}
}

@INBOOK{Haines1994Academic,
  chapter = {Point in Polygon Strategies},
  pages = {24-46},
  title = {Graphics Gems IV},
  publisher = {Academic Press},
  year = {1994},
  editor = {Heckbert, P.},
  author = {Haines, E.}
}

@BOOK{Haining2003Cambridge,
  title = {Spatial Data Analysis: theory and practice.},
  publisher = {Cambridge University Press},
  year = {2003},
  author = {Haining, R.}
}

@TECHREPORT{Hammond1992USDA,
  author = {Hammond, C. and Hall, D. and Miller, S. and Swetik, P.},
  title = {Level I Stability Analysis (LISA) Documentation for Version 2.0.
	General Technical Report INT--285},
  institution = {USDA. Forest Service Intermountain Research Station},
  year = {1992}
}

@ARTICLE{Hammond1954AAG,
  author = {Hammond, E.H.},
  title = {Small scale continental landform maps},
  journal = {Annals of Association of American Geographers},
  year = {1954},
  volume = {44},
  pages = {32-42}
}

@BOOK{Haralick1992Addison,
  title = {Computer and robot
	
	vision. Vol. I,, Reading, p.},
  publisher = {Addison Wesley},
  year = {1992},
  author = {Haralick, R. M. and Shapiro, L. G.},
  pages = {672}
}

@MISC{metadataPrimer,
  author = {D. Hart and H.Philips},
  title = {The Metadata Primer},
  howpublished = {\url{http://www.lic.wisc.edu/metadata/metaprim.htm}},
  owner = {volaya},
  timestamp = {2008.07.12},
  url = {http://www.lic.wisc.edu/metadata/metaprim.htm}
}

@MISC{SARInterferometry,
  author = {O. Hellwich},
  title = {SAR Interferometry: Principles, Processing, And Perspectives},
  howpublished = {\url{http://citeseer.ist.psu.edu/260837.html}},
  url = {http://citeseer.ist.psu.edu/260837.html}
}

@ARTICLE{Hengl2006CG,
  author = {Hengl, T.},
  title = {Finding the right pixel size},
  journal = {Computers \& Geosciences},
  year = {2006},
  volume = {32},
  pages = {1283-1298},
  number = {9}
}

@BOOK{Hengl2003ITC,
  title = {Digital Terrain Analysis in ILWIS},
  publisher = {Lecture notes, International Institute for Geo-Information Science
	\& Earth Observation (ITC)},
  year = {2003},
  author = {Hengl, T. and Gruber, S. and Shrestha, D.P.},
  pages = {56},
  address = {Enschede},
  note = {Disponible en \url{http://www.itc.nl/library/Papers_2003/misca/hengl_digital.pdf}},
  url = {http://www.itc.nl/library/Papers_2003/misca/hengl_digital.pdf}
}

@ARTICLE{Hengl2003SSSA,
  author = {Hengl, Tomislav and Rossiter, David G.},
  title = {Supervised landform classification to enhance and replace photo-interpretation
	in semi-detailed soil survey},
  journal = {Soil Science Society America Journal},
  year = {2003},
  volume = {67},
  pages = {1810-1822},
  number = {5}
}

@ARTICLE{HENRIQUEZ2006,
  author = {Henr\'{\i}quez, Cristi\'an AND Az\'ocar, Gerardo},
  title = {{Cambio de uso del suelo y escorrent\'{\i}a superficial: aplicaci\'on
	de un modelo de simulaci\'on espacial en Los \'Angeles, VIII Regi\'on
	del Biob\'{\i}o, Chile}},
  journal = {{Revista de geograf\'{\i}a Norte Grande}},
  year = {2006},
  pages = {61--74},
  month = {12},
  note = {Disponible en \url{http://www.scielo.cl/scielo.php?script=sci_arttext&pid=S0718-34022006000200004&nrm=iso}},
  issn = {0718-3402},
  language = {es},
  owner = {volaya},
  publisher = {scielocl},
  timestamp = {2010.11.03},
  url = {http://www.scielo.cl/scielo.php?script=sci_arttext&pid=S0718-34022006000200004&nrm=iso}
}

@ARTICLE{Hepner1990PERS,
  author = {Hepner, F.},
  title = {Artificial Neural Network Classification Using a Minimal Training
	Set: Comparison to Conventional Supervised Classification},
  journal = {Photogrammetric Engineering and Remote Sensing},
  year = {1990},
  volume = {56},
  pages = {469-473},
  number = {4}
}

@BOOK{Hernandez1994Springer,
  title = {Qualitative representation of Spatial Knowledge.},
  publisher = {Springer-Verlag},
  year = {1994},
  author = {Hernandez, D.}
}

@BOOK{Hernandez1997UPV,
  title = {Geodesia y Cartografa Matemtica},
  publisher = {Editorial de la UPV},
  year = {1997},
  author = {Hernndez Lpez, D.}
}

@INPROCEEDINGS{Herring1987Autocarto,
  author = {Herring, J.R.},
  title = {TIGRIS: Topologically Integrated Geographical Information Systems},
  booktitle = {Proceedings, AutoCarto 8},
  year = {1987},
  note = {Disponible en \url{http://mapcontext.com/autocarto/proceedings/auto-carto-8/pdf/tigris-topologically-integrated-geographic-information-system.pdf}},
  url = {http://mapcontext.com/autocarto/proceedings/auto-carto-8/pdf/tigris-topologically-integrated-geographic-information-system.pdf}
}

@BOOK{Heuvelink1998Taylor,
  title = {Error propagation in environmental modeling with GIS},
  publisher = {Taylor \& Francis},
  year = {1998},
  author = {Heuvelink, G. B. M.}
}

@BOOK{Heywood1998Longman,
  title = {An introduction to Geographical Information Systems.},
  publisher = {Longman},
  year = {1998},
  author = {Heywood, I.}
}

@BOOK{Heywood1998Wesley,
  title = {Introduction to Geographical Information Systems.},
  publisher = {Addison Wesley Longman.},
  year = {1998},
  author = {Heywood, I}
}

@INCOLLECTION{Hobson1972Harper,
  author = {Hobson, R.D.},
  title = {Surface roughness in topography: a quantitative approach},
  booktitle = {Spatial analysis in geomorphology},
  publisher = {Harper \& Row},
  year = {1972},
  editor = {Chorley, R.J.},
  pages = {221-245},
  adress = {New York}
}

@ARTICLE{Holmgren1994HydroProc,
  author = {Holmgren, P},
  title = {Multiple flow direction algorithms for runoff modelling in grid based
	elevation models: An empirical evaluation},
  journal = {Hydrological processes},
  year = {1994},
  volume = {8},
  pages = {327-334}
}

@ARTICLE{Horn1981IEEE,
  author = {Horn, B.K.P.},
  title = {Hill shading and the reflectance map},
  journal = {Proceedings IEEE},
  year = {1981},
  volume = {69},
  pages = {14-47},
  number = {1},
  note = {Disponible en \url{http://citeseerx.ist.psu.edu/viewdoc/summary?doi=10.1.1.63.5209}},
  url = {http://citeseerx.ist.psu.edu/viewdoc/summary?doi=10.1.1.63.5209}
}

@ARTICLE{Horton1932TAGU,
  author = {Horton, R.E.},
  title = {Drainage basin characteristics},
  journal = {Transactions American Geophysical Union},
  year = {1932},
  volume = {14},
  pages = {350-361}
}

@ARTICLE{Huete1988RSE,
  author = {Huete, A. R.},
  title = {A Soil-Adjusted Vegetation Index (SAVI)},
  journal = {Remote Sensing and the Environment},
  year = {1988},
  volume = {25},
  pages = {53-70.}
}

@MASTERSTHESIS{Husdal2000MsC,
  author = {Husdal, J.},
  title = {How to make a straight line square - Network analysis in raster GIS},
  school = {University of Leicester, UK},
  year = {2000},
  note = {Disponible en \url{http://husdal.com/mscgis/thesis/}},
  url = {http://husdal.com/mscgis/thesis/}
}

@ARTICLE{Hutchinson1989JH,
  author = {Hutchinson, M.F.},
  title = {A new procedure for gridding elevation and stream line data with
	automatic removal of spurious pits},
  journal = {Journal of Hydrology},
  year = {1989},
  volume = {106},
  pages = {211-232}
}

@INCOLLECTION{Hutchinson1988IGU,
  author = {Hutchinson, M.F.},
  title = {Calculation of hydrologically sound digital elevation models},
  booktitle = {Third International Symposium on Spatial Data Handling},
  publisher = {Columbus, Ohio: International Geographical Union},
  year = {1988},
  address = {Sydney}
}

@MASTERSTHESIS{Kishan2003Tennessee,
  author = {H. Kishan Iddamsetty},
  title = {Segmentation of range images for modelling of large outdoor scenes},
  school = {The University of Tennessee, Knoxville},
  year = {2003},
  note = {Disponible en \url{http://citeseerx.ist.psu.edu/viewdoc/summary?doi=10.1.1.106.5385}},
  url = {http://citeseerx.ist.psu.edu/viewdoc/summary?doi=10.1.1.106.5385}
}

@INPROCEEDINGS{Irvin1995ESRI,
  author = {Irvin, B.J. and Ventura, S.J. and Slater B.K.},
  title = {Landform classification for soil-landscape studies},
  booktitle = {Proceedings of the Annual ESRI User Conference},
  year = {1995},
  publisher = {ESRI},
  note = {Disponible en \url{http://proceedings.esri.com/library/userconf/proc95/to200/p153.html}},
  url = {http://proceedings.esri.com/library/userconf/proc95/to200/p153.html}
}

@BOOK{Isaaks1989Oxford,
  title = {Applied Geostatistics},
  publisher = {Oxford University Press},
  year = {1989},
  author = {Isaaks, E.H. and Srivastava, R.M.},
  pages = {542},
  address = {New York}
}

@INBOOK{Jackson1991Longman,
  chapter = {GIS data capture hardware and software},
  pages = {239-249},
  title = {Geographical Information Systems: Principles and Applications},
  publisher = {Longman},
  year = {1991},
  editor = {Maguire, D. J. and Goodchild, M. F. and Rhind, D.W.},
  author = {Jackson, M.J. and Woodsford, P.A.}
}

@BOOK{Jaque2007Proyectos,
  title = {Gesti칩n de proyectos},
  year = {2007},
  author = {Jaque Barbero, M.},
  note = {Disponible en \url{http://es.scribd.com/doc/76277947/Gestion-de-Pro}},
  owner = {volaya},
  timestamp = {2010.08.13},
  url = {http://es.scribd.com/doc/76277947/Gestion-de-Pro}
}

@ARTICLE{Jarvis2005ME,
  author = {Jarvis, A and Yeamam, S. and Guarino, L. and Tohme, J.},
  title = {The role of geographic analysis in locating and using plant genetic
	diversity},
  journal = {Methods in enzymology},
  year = {2005},
  volume = {395},
  pages = {279-298},
  note = {Disponible en \url{http://gisweb.ciat.cgiar.org/sig/download/MIE_395_CH17.pdf}},
  owner = {volaya},
  timestamp = {2010.10.11},
  url = {http://gisweb.ciat.cgiar.org/sig/download/MIE_395_CH17.pdf}
}

@ARTICLE{Jenerette2000BESA,
  author = {Jenerette, G. D. and Wu, J.},
  title = {On the definitions of scale},
  journal = {ESA Bulletin},
  year = {2000},
  volume = {81},
  pages = {104-105},
  note = {Disponible en \url{http://leml.asu.edu/jingle/Web_Pages/Wu_Pubs/PDF_Files/Jenerett_Wu_2000.pdf}},
  owner = {volaya},
  timestamp = {2010.08.16},
  url = {http://leml.asu.edu/jingle/Web_Pages/Wu_Pubs/PDF_Files/Jenerett_Wu_2000.pdf}
}

@ARTICLE{Jensk1967IYC,
  author = {Jenks, G. F.},
  title = {The Data Model Concept in Statistical Mapping},
  journal = {International Yearbook of Cartography},
  year = {1967},
  volume = {7},
  pages = {186--190},
  owner = {volaya},
  timestamp = {2010.09.20}
}

@ARTICLE{Jenness2004Wild,
  author = {Jenness, J.S.},
  title = {Calculating landscape surface area from digital elevation models},
  journal = {Wildlife Society Bulletin},
  year = {2004},
  volume = {32},
  pages = {829-839},
  number = {3},
  note = {Disponible en \url{http://www.jennessent.com/downloads/WSB_32_3_Jenness.pdf}},
  url = {http://www.jennessent.com/downloads/WSB_32_3_Jenness.pdf}
}

@BOOK{Jensen1996Prentice,
  title = {Introductory digital image processing: a remote sensing perspective},
  publisher = {Prentice Hall},
  year = {1996},
  author = {Jensen, J.R.},
  series = {Series in Geographic Information Science}
}

@ARTICLE{Jenson1988PERS,
  author = {Jenson, S.K. and Domingue, J.O.},
  title = {Extracting topographic structure from digital elevation data for
	geographical information system analysis},
  journal = {Photogrammetric Engineering and Remote Sensing},
  year = {1988},
  volume = {54},
  pages = {1593-1600},
  number = {11},
  note = {Disponible en \url{http://citeseerx.ist.psu.edu/viewdoc/summary?doi=10.1.1.138.6487}},
  url = {http://citeseerx.ist.psu.edu/viewdoc/summary?doi=10.1.1.138.6487}
}

@ARTICLE{Jones1998CG,
  author = {Jones, K.H.},
  title = {A comparison of algorithms used to compute hill slope as a property
	of the {DEM}},
  journal = {Computers \& Geosciences},
  year = {1998},
  volume = {24},
  pages = {315-323},
  number = {4},
  note = {Disponible en \url{http://www.sages.ac.uk/home/homes/s0197746/Jones1998.pdf}},
  url = {http://www.sages.ac.uk/home/homes/s0197746/Jones1998.pdf}
}

@INPROCEEDINGS{Jones1996GISUK,
  author = {Jones, K.H.},
  title = {A comparison of eight algorithms used to compute slopes as a local
	property of the DEM},
  booktitle = {Proceedings of the GIS Research UK 1996 Conference},
  year = {1996},
  pages = {7-12}
}

@INCOLLECTION{Kraus2001IASPRS,
  author = {K.Kraus and N. Pfeifer, 2001},
  title = {Advanced DTM generation from LIDAR data},
  booktitle = {IASPRS},
  year = {2001},
  volume = {XXXIV},
  number = {3/W4},
  note = {Disponible en \url{http://citeseerx.ist.psu.edu/viewdoc/summary?doi=10.1.1.150.7055}},
  url = {http://citeseerx.ist.psu.edu/viewdoc/summary?doi=10.1.1.150.7055}
}

@ARTICLE{Karafyllidis1997Eco,
  author = {Karafyllidis, I. and Thanailakis, A.},
  title = {A model for predicting forest fire spreading using cellular automata},
  journal = {Ecological Modeling},
  year = {1997},
  volume = {99},
  pages = {87-97.}
}

@ARTICLE{Kaucic2005CIT,
  author = {Branco Kaucic},
  title = {Approximative terrain guarding with given number of guards},
  journal = {Journal of Computing and Information Technology},
  year = {2005},
  volume = {13},
  pages = {307-312},
  number = {4},
  note = {Disponible en \url{http://cit.srce.hr/index.php/CIT/article/viewFile/1584/1288}},
  url = {http://cit.srce.hr/index.php/CIT/article/viewFile/1584/1288}
}

@INCOLLECTION{Kaufman1989Wiley,
  author = {Kaufman, Y. J.},
  title = {The atmospheric effects on remote sensing and its correction},
  booktitle = {Theory and Applications of Optical Remote Sensing},
  publisher = {John Wiley \& Sons},
  year = {1989},
  editor = {G. Asrar},
  pages = {336-428}
}

@INCOLLECTION{Kauth1976Symp,
  author = {Kauth, R.J. and Thomas, G.S.},
  title = {The tasseled cap - A graphic description of the spectral temporal
	development of agricultural crops as seen by Landsat},
  booktitle = {Proceedings of the Symposium on Machine Processing of Remotely Sensed
	Data. Perdue University, West Lafayette, Indiana},
  year = {1976},
  pages = {41-51}
}

@ARTICLE{Keating2003URISA,
  author = {Keating, G. and Rich, P. and Witkowsi, M.},
  title = {Challenges for enterprises},
  journal = {URISA Journal},
  year = {2003},
  volume = {15},
  pages = {23-36},
  number = {2},
  note = {Disponible en \url{http://www.geography.siu.edu/people/aduprah/Geog\%20419_Keatingvol15no2-2_article.pdf}},
  owner = {volaya},
  timestamp = {2010.08.13},
  url = {http://www.geography.siu.edu/people/aduprah/Geog\%20419_Keatingvol15no2-2_article.pdf}
}

@ARTICLE{King1999Geoderma,
  author = {King, D. and Bourennane, H. and Isambert, M. and Macaire, J.J.},
  title = {Relationship of the presence of a non-calcareous clay--loam horizon
	to {DEM} attributes in a gently sloping area},
  journal = {Geoderma},
  year = {1999},
  volume = {89},
  pages = {95-111},
  number = {1-2}
}

@BOOK{King1962Prentice,
  title = {Statistical Analysis in Geography},
  publisher = {Prentice-Hall},
  year = {1962},
  author = {King, L. J.}
}

@UNPUBLISHED{Koethe1996SARA,
  author = {Koethe, R. and Lehmeier, F.},
  title = {SARA, System zur Automatischen Relief-Analyse,Benutzerhandbuch},
  year = {1996}
}

@CONFERENCE{Kok2009,
  author = {Kok, B.},
  title = {The Strategic Role of NMAs in SDI Development and Implementation},
  booktitle = {FIG Working Week},
  year = {2009},
  note = {Disponible en \url{http://memberservices.gsdi.org/files/index.php?artifact_id=622}},
  owner = {volaya},
  timestamp = {2010.08.19},
  url = {http://memberservices.gsdi.org/files/index.php?artifact_id=622}
}

@BOOK{Korte2001Autodesk,
  title = {The GIS Book (5th Ed. Rev.)},
  publisher = {Autodesk Press},
  year = {2001},
  author = {G. Korte}
}

@ARTICLE{Krcho1983Geo,
  author = {Krcho, J.},
  title = {Teoretick\'a concepcia a interdisciplinarne aplikacie komplexn\'eho
	digitalneho modelu reli\'efu pri modelovan\"{\i} dvojdimenzionalnych
	poli},
  journal = {Geografick\'y casopis},
  year = {1983},
  volume = {35},
  pages = {265-291},
  number = {3}
}

@ARTICLE{Krcho1973ActaGeo,
  author = {Krcho, J.},
  title = {Morphometric analysis of relief on the basis of geometric aspect
	of field theory},
  journal = {Acta Geographica Universitatis Comenianae, Geographico-Physica},
  year = {1973},
  volume = {1},
  pages = {7-233},
  number = {1}
}

@MASTERSTHESIS{Krige1951MsC,
  author = {Krige, D.G.},
  title = {A statistical approach to some mine valuations and allied problems
	at the Witwatersrand},
  school = {University of Witwatersrand},
  year = {1951}
}

@ARTICLE{Kruskal1956AMS,
  author = {Joseph. B. Kruskal},
  title = {On the shortest spanning subtree of a graph and the traveling salesman
	problem},
  journal = {Proceedings of the American Mathematical Society},
  year = {1956},
  volume = {7},
  pages = {48-50},
  number = {1},
  owner = {Usuario},
  timestamp = {2008.02.15}
}

@ARTICLE{Kuiper1960Akad,
  author = {Kuiper, N.H.},
  title = {Test concerning random points on a circle},
  journal = {Proc K. Ned Akad Ser A: Math Sci 63},
  year = {1960},
  volume = {63},
  pages = {38-47}
}

@ARTICLE{Lam1992PG,
  author = {N. S-N. Lam and D. A. Quattrochi},
  title = {On the issues of scale, resolution, and fractal analysis in the mapping
	sciences},
  journal = {Professional Geographer},
  year = {1992},
  volume = {44},
  owner = {volaya},
  timestamp = {2010.08.16}
}

@BOOK{Langmuir1984Scot,
  title = {Mountaincraft and leadership},
  publisher = {The Scottish Sports Council/MLTB.},
  year = {1984},
  author = {Langmuir, E.},
  address = {Cordee, Leicester}
}

@INPROCEEDINGS{LastOutliers,
  author = {M. Last and A. Kandel},
  title = {Automated Detection of Outliers in Real-World Data},
  booktitle = {Proceedings of the Second International Conference on Intelligent
	Technologies (InTech 2001)},
  year = {2001},
  pages = {292-301},
  note = {Disponible en \url{http://www.ise.bgu.ac.il/faculty/mlast/papers/outliers2.pdf}},
  url = {http://www.ise.bgu.ac.il/faculty/mlast/papers/outliers2.pdf}
}

@INCOLLECTION{Lea1992Chapman,
  author = {Lea, N.L.},
  title = {An aspect driven kinematic routing algorithm},
  booktitle = {Overland flow: Hydraulics and erosion mechanics},
  publisher = {Chapman \& Hall},
  year = {1992},
  editor = {Parsons, A.J. and Abrahams, A.D.},
  pages = {147-175},
  address = {New York}
}

@ARTICLE{Leberl1982PERS,
  author = {F. Leberl and D. Olson},
  title = {Raster scanning for operational digitizing of graphical data},
  journal = {Photogrammetric Engineering and Remote Sensing},
  year = {1982},
  volume = {48},
  pages = {615-627},
  number = {4}
}

@INPROCEEDINGS{Lee89ACSM,
  author = {Jay Lee},
  title = {A drop heuristic conversion method for extracting irregular network
	for digital elevation models},
  booktitle = {GIS/LIS '89 Proc.},
  year = {1989},
  volume = {1},
  pages = {30--39},
  month = {Nov.},
  publisher = {American Congress on Surveying and Mapping}
}

@ARTICLE{Lee1997FS,
  author = {Lee, N.J. and Nakane, K.},
  title = {Forest vegetation classification and biomass estimation based on
	Landsat TM data in a mountainous region of West Japan},
  journal = {Forestry Sciences},
  year = {1997},
  volume = {50},
  pages = {159-171}
}

@ARTICLE{Lemmenes2006IEEE,
  author = {Lemmens, R.L.G. and Wytzisk, A. and de By, R.A.},
  title = {Integrating semantic and syntactic descriptions to chain geographic
	services},
  journal = {IEEE internet computing},
  year = {2006},
  volume = {10},
  pages = {42.52},
  number = {5},
  owner = {volaya},
  timestamp = {2010.08.18}
}

@INBOOK{Leusen2002,
  chapter = {A review of wide-area predictive modeling usinggis},
  title = {Pattern to process: methodological investigations into the formation
	and interpretation of spatial patterns in archaeological landscapes},
  year = {2002},
  author = {Leusen, P. M. van},
  note = {Disponible en \url{http://dissertations.ub.rug.nl/faculties/arts/2002/p.m.van.leusen/}},
  owner = {volaya},
  timestamp = {2010.10.14},
  url = {http://dissertations.ub.rug.nl/faculties/arts/2002/p.m.van.leusen/}
}

@BOOK{Lillesand1997Wiley,
  title = {Remote Sensing and Image Interpretation, 3rd Edition},
  publisher = {John Wiley \& Sons, Inc.},
  year = {1997},
  author = {Lillesand, M.Tt. and Kiefer, W. R.}
}

@BOOK{Liou2002Academic,
  title = {An Introduction to Atmospheric Radiation},
  publisher = {Academic Press},
  year = {2002},
  author = {Liou, K.N.},
  volume = {84},
  pages = {583},
  series = {International Geophysics Series},
  edition = {2nd}
}

@INBOOK{Lopez2004CRC,
  chapter = {Location-Based Services},
  pages = {171-188},
  title = {Telegeoinformatics},
  publisher = {CRC Press},
  year = {2004},
  editor = {Karimi, H. A. and Hammad, A.},
  author = {Lopez, X.},
  owner = {volaya},
  timestamp = {2010.08.31}
}

@INPROCEEDINGS{Lorensen1987SIGGRAPH,
  author = {Lorensen, W. and H. E. Cline},
  title = {Marching Cubes: A High Resolution 3D Surface Construction Algorithm},
  booktitle = {Computer Graphics (SIGGRAPH 87 Proceedings)},
  year = {1987},
  volume = {21},
  number = {4},
  pages = {163-170},
  note = {Disponible en \url{http://citeseerx.ist.psu.edu/viewdoc/summary?doi=10.1.1.132.3930}},
  url = {http://citeseerx.ist.psu.edu/viewdoc/summary?doi=10.1.1.132.3930}
}

@ARTICLE{Torrecillas1998Mapping,
  author = {C.Torrecillas Lozano and J.J. Mart\'inez},
  title = {Resolucion de ambig칲edades GPS: t칠cnicas empleadas y estudios futuros.},
  journal = {Mapping Interactivo},
  year = {1998},
  volume = {49},
  note = {Disponible en \url{http://www.mappinginteractivo.com}},
  url = {http://www.mappinginteractivo.com/}
}

@INPROCEEDINGS{Lu2003IEEE,
  author = {Chang-Tien Lu and Dechang Chen and Yufeng Kou},
  title = {Algorithms for Spatial Outlier Detection},
  booktitle = {Proceedings of the Third IEEE International Conference on Data Mining},
  year = {2003}
}

@INPROCEEDINGS{Lucchesse2001ICIP,
  author = {L. Lucchese and S.K. Mitra},
  title = {A New Method for Color Image Equalization},
  booktitle = {Proc. of 2001 Int'l Conference on Image Processing (ICIP 2001), Thessaloniki,
	Greece, Sept. 2001, Vol. I},
  year = {133-136}
}

@BOOK{MacArthur1967Princeton,
  title = {The theory of island biogeography.},
  publisher = {Princeton University Press, Princeton},
  year = {1967},
  author = {MacArthur, R.H., and Wilson, E.O.},
  owner = {volaya},
  timestamp = {2010.10.17}
}

@INBOOK{MacEachren1994Pergamon,
  chapter = {Visualization in modern cartography: setting the agenda},
  pages = {1--12},
  title = {Visualizacion in modern cartography},
  publisher = {Pergamon Press, Inc.},
  year = {1994},
  editor = {MacEachren A.M. and Taylor, D.R.F.},
  author = {MacEachren, A.M.},
  owner = {volaya},
  timestamp = {2010.09.17}
}

@INBOOK{MacEachren1994Wiley,
  chapter = {Time as a cartographic variable},
  pages = {115--130},
  title = {Visualization in Geographical Information Systems},
  publisher = {John Wiley},
  year = {1994},
  editor = {Hearnshaw, H. M. and Undwin, D.J.},
  author = {MacEachren, A.M.},
  owner = {volaya},
  timestamp = {2010.09.18}
}

@BOOK{MacEachren2004Guilidford,
  title = {How Maps Work: Visualization, Representation and Design},
  publisher = {Guilidford Press},
  author = {MacEachren, A.M.},
  owner = {volaya},
  timestamp = {2010.09.28}
}

@BOOK{Maguire2005ESRI,
  title = {GIS, spatial analysis and modeling},
  publisher = {ESRI Press},
  year = {2005},
  author = {Maguire, D.J. and Batty, Goodchild, M.}
}

@BOOK{Luong1998DPR,
  title = {Introduction to computer vision and image processing},
  publisher = {Department of Pattern Recognition and Knowledge Engineering, Institute
	of Information Technology, Hanoi, Vietnam},
  year = {1998},
  author = {Luong Chi Mai}
}

@ARTICLE{Malamud2000CSE,
  author = {B. D. Malamud and D. L. Turcotte},
  title = {Cellular-automata models applied to natural hazards},
  journal = {Computing in Science and Engineering},
  year = {2000},
  volume = {2},
  pages = {42-51},
  number = {3}
}

@BOOK{Mandelbrot1982Freeman,
  title = {The Fractal Geometry of Nature},
  publisher = {W.H. Freeman and Company},
  year = {1982},
  author = {Mandelbrot, B.B.},
  owner = {volaya},
  timestamp = {2010.09.14}
}

@ARTICLE{Mark1984Carto,
  author = {Mark, D.},
  title = {Automated detection of drainage networks from digital elevation models},
  journal = {Cartographica},
  year = {1984},
  volume = {21},
  pages = {168-178}
}

@ARTICLE{Mark1975GA,
  author = {Mark, D. M.},
  title = {Computer Analysis of Topography: A Comparison of Terrain Storage
	Methods},
  journal = {Geografisker Annaler},
  year = {1975},
  volume = {57A},
  pages = {179-188}
}

@ARTICLE{Mark1994CartoAndGIS,
  author = {Mark, D. M. and Egenhofer, M. J.},
  title = {Modeling Spatial Relations Between Lines and Regions: Combining Formal
	Mathematical Models and Human Subjects Testing},
  journal = {Cartography and Geographic Information Systems},
  year = {1994},
  volume = {21},
  pages = {195-212},
  number = {4},
  note = {Disponible en \url{http://citeseerx.ist.psu.edu/viewdoc/summary?doi=10.1.1.15.9984}},
  url = {http://citeseerx.ist.psu.edu/viewdoc/summary?doi=10.1.1.15.9984}
}

@BOOK{Marques2002BBDD,
  title = {Bases de Datos orientadas a objetos},
  year = {2002},
  author = {Marqu\'es, M.},
  owner = {volaya},
  timestamp = {2010.08.19}
}

@BOOK{Martin1983IGN,
  title = {Geodesia y Cartograf\'ia Matem\'atica},
  publisher = {IGN},
  year = {1983},
  author = {Mart\'in Ass, F.}
}

@INPROCEEDINGS{martinez05,
  author = {Mart\'inez Llario, J. C. and Coll Aliaga, E.},
  title = {An\'alisis vectorial en PostGIS y Oracle Spatial: estado actual y
	evoluci\'on de la especificaci\'on {Simple} {Features} for {SQL}},
  booktitle = {Jornadas T\'ecnicas para la Infraestructura de Datos Espaciales de
	Espa\'na},
  year = {2005},
  note = {Disponible en \url{http://www.idee.upm.es/jidee05/descargas/sesion_03_02.pdf}},
  owner = {jsanz},
  pdf = {http://www.idee.upm.es/jidee05/descargas/sesion_03_02.pdf},
  timestamp = {2007.06.17},
  url = {http://www.idee.upm.es/jidee05/descargas/sesion_03_02.pdf}
}

@ARTICLE{Echeverria2001Boletic,
  author = {Manuel Echeverr\'ia Mart\'inez},
  title = {Las Infraestructuras de Datos Espaciales. Experiencias en su implantaci\'on.},
  journal = {Boletic},
  year = {2001},
  volume = {Septiembre-Octubre},
  pages = {38-50},
  note = {Disponible en \url{http://redgeomatica.rediris.es/metadatos/publica/articulo15.pdf}},
  owner = {volaya},
  timestamp = {2010.08.23},
  url = {http://redgeomatica.rediris.es/metadatos/publica/articulo15.pdf}
}

@BOOK{Martin1991Routledge,
  title = {Geographical Information Systems and their Socio-economic Applications.},
  publisher = {Routledge},
  year = {1991},
  author = {Martin, D.}
}

@ARTICLE{Martz1999CG,
  author = {Martz, L. and Garbrecht, J.},
  title = {An outlet breaching algorithm for the treatment of closed depressions
	in a raster {DEM}},
  journal = {Computers and Geosciences},
  year = {1999},
  volume = {25},
  pages = {835-844},
  number = {7}
}

@PHDTHESIS{GarciaMateo2008phd,
  author = {Manuel Rub\'en Garc\'ia Mateo},
  title = {Modelos predictivos de riqueza de diversidad vegetal. comparaci칩n
	y optimizaci칩n de m칠todos de modelado ecol칩gico.},
  school = {Universidad Poli\'ecnica de Madrid},
  year = {2008},
  note = {Disponible en \url{http://www.unex.es/investigacion/grupos/kraken/archivos/ficheros/Tesis_RGM.pdf}},
  owner = {volaya},
  timestamp = {2010.10.12},
  url = {http://www.unex.es/investigacion/grupos/kraken/archivos/ficheros/Tesis_RGM.pdf}
}

@BOOK{Mather1999Wiley,
  title = {Computer Processing of Remotely-sensed Images},
  publisher = {John Wiley \& sons},
  year = {1999},
  author = {Mather, P. M.}
}

@ARTICLE{Mather1990PRS,
  author = {Mather,P M.},
  title = {Theoretical problems in image classification},
  journal = {Proceedings of the Royal
	
	Society},
  year = {1990},
  volume = {326},
  pages = {127-135}
}

@ARTICLE{Matheron1963EcoGeo,
  author = {Matheron, G.},
  title = {Principles of geostatistics},
  journal = {Economic Geology},
  year = {1963},
  volume = {58},
  pages = {1246-1266}
}

@ARTICLE{McBratney2003Geoderma,
  author = {McBratney, A.B. and Mendonca--Santos and M.L. and Minasny, B.},
  title = {On digital soil mapping},
  journal = {Geoderma},
  year = {2003},
  volume = {117},
  pages = {3-52}
}

@BOOK{McClung1993Avalanche,
  title = {The Avalanche Handbook},
  publisher = {The mountaineers},
  year = {1993},
  author = {McClung, D.M. and Shaerer. M.}
}

@ARTICLE{McCormick1987ACM,
  author = {McCormick, B. H.},
  title = {Visualization in scientific computing},
  journal = {Computer Graphics},
  year = {1987},
  volume = {21},
  number = {6},
  owner = {volaya},
  timestamp = {2010.09.14}
}

@BOOK{McGarigal2002FRAGSTATS,
  title = {FRAGSTATS: Spatial Pattern Analysis Program for Categorical Maps},
  publisher = {University of Massachusetts, Amherst},
  year = {2002},
  author = {McGarigal, K. and S. A. Cushman and M. C. Neel and E. Ene.},
  address = {Amherst},
  note = {Disponible en \url{www.umass.edu/landeco/research/fragstats/fragstats.html}},
  url = {www.umass.edu/landeco/research/fragstats/fragstats.html}
}

@MISC{referenciaFragstats,
  author = {McGarigal, K. and Cushman, S.A. and Neel M.C. and Ene, E.},
  title = {FRAGSTATS: Spatial Pattern Analysis Program for Categorical Maps.
	Computer software program produced by the authors at the University
	of Massachusetts, Amherst},
  howpublished = {\url{http://www.umass.edu/landeco/research/fragstats/fragstats.html}},
  year = {2002},
  owner = {volaya},
  timestamp = {2010.10.17},
  url = {http://www.umass.edu/landeco/research/fragstats/fragstats.html}
}

@BOOK{McGrew1993William,
  title = {An introduction to statistical problem solving in geography},
  publisher = {William C. Brown publishers},
  year = {1993},
  author = {McGrew, J. \& Monroe, C.}
}

@ARTICLE{McMaster1989Cartographica,
  author = {McMaster, R.B.},
  title = {The integration of simplification and smoothing algorithms in line
	generalization},
  journal = {Cartographica},
  year = {1989},
  volume = {26},
  pages = {101-121},
  number = {1}
}

@ARTICLE{McMaster1987Cartographica,
  author = {McMaster, R.B.},
  title = {Automated line generalization},
  journal = {Cartographica},
  year = {1987},
  volume = {24},
  pages = {74-111},
  number = {2}
}

@BOOK{McMaster1992AAG,
  title = {Generalization in digital cartography},
  publisher = {Association of American Geographers},
  year = {1992},
  author = {McMaster, R.B. and K.S. Shea}
}

@ARTICLE{Megiddo1983SIAM,
  author = {Megiddo, N.},
  title = {Linear-time algorithms for linear programming in R3 and related problems},
  journal = {SIAM Journal on Computing},
  year = {1983},
  volume = {12},
  number = {4}
}

@INPROCEEDINGS{Mercer2001PW,
  author = {Mercer, J. Bryan},
  title = {Comparing LIDAR and IFSAR: What can you expect?},
  booktitle = {Proceedings, Photogrammetric Week},
  year = {2001},
  note = {Disponible en \url{http://www.intermaptechnologies.com/PDF_files/paper_Stuttgart01_JBM3.pdf}},
  url = {http://www.intermaptechnologies.com/PDF_files/paper_Stuttgart01_JBM3.pdf}
}

@INPROCEEDINGS{Mercer1999ISPRS,
  author = {Mercer, J. Bryan and S. Schnick},
  title = {Comparison of DEMs from STAR-3i Interferometric SAR and Scanning
	Laser},
  booktitle = {Proceedings of the ISPRS WG III/2,5 Workshop: Mapping Surface Structure
	and Topography by Airborne and Spaceborne Lasers,},
  year = {1999},
  note = {Disponible en \url{http://www.intermaptechnologies.com/PDF_files/Mercer_Schnick-Radar_Laser_DEM.pdf}},
  url = {http://www.intermaptechnologies.com/PDF_files/Mercer_Schnick-Radar_Laser_DEM.pdf}
}

@ARTICLE{Mitasova1993MathGeo,
  author = {Mitasova, H. and Hofierka, J.},
  title = {Interpolation by regularized spline with tension, II Application
	to terrain modelling and surface geometry analysis},
  journal = {Mathematical Geology},
  year = {1993},
  volume = {25},
  pages = {657-669}
}

@ARTICLE{Mitasova1996IJGIS,
  author = {Mitasova, H. and Hofierka, J. and Zlocha, M. and Iverson, L.R.},
  title = {Modelling topographic potential for erosion and deposition using
	{GIS}},
  journal = {International Journal of Geographical Information Systems},
  year = {1996},
  volume = {10},
  pages = {629-641},
  number = {5}
}

@ARTICLE{Mitasova1995IJGIS,
  author = {Mitasova, H. and Mitas, L. and Brown, W.M. and Gerdes, D.P. and Kosinovsky,
	I. and Baker, T.},
  title = {Modeling Spatially and Temporally Distributed Phenomena: New Methods
	and Tools for GRASS {GIS}},
  journal = {International Journal of Geographical Information Systems},
  year = {1995},
  volume = {9},
  pages = {433-446},
  number = {4}
}

@INPROCEEDINGS{panorama08,
  author = {Montesinos Lajara, M. and Sanz Salinas, J. G.},
  title = {Panorama actual del ecosistema de Software Libre para SIG},
  booktitle = {Actas de las II Jornadas de SIG Libre},
  year = {2008},
  organization = {Universitat de Girona},
  note = {Disponible en \url{http://www.sigte.udg.es/jornadassiglibre/uploads/file/Ponencias/A5.odt}},
  owner = {jsanz},
  pdf = {http://www.sigte.udg.es/jornadassiglibre2007/comun/1pdf/12.pdf},
  timestamp = {2007.06.24},
  url = {http://www.sigte.udg.es/jornadassiglibre/uploads/file/Ponencias/A5.odt}
}

@ARTICLE{Montgomery1989WRR,
  author = {Montgomery, D. R. and Dietrich, W. E.},
  title = {Source Areas, Drainage Density, and Channel Initiation},
  journal = {Water Resources Research},
  year = {1989},
  volume = {25},
  pages = {1907-1918},
  number = {8}
}

@ARTICLE{Moore1993SSSAJ,
  author = {Moore, I.D. and Gessler, P.E. and Nielsen, G.A. and Peterson, G.A.},
  title = {Soil attribute prediction using terrain analysis},
  journal = {Soil Sci. Soc. Am. J.},
  year = {1993},
  volume = {57},
  pages = {443-452},
  number = {2}
}

@ARTICLE{Moore1992JSWC,
  author = {Moore, I.D and Wilson, J.P.},
  title = {Length-slope factors for the Revised Universal Soil Loss Equation:
	simplified method of estimation},
  journal = {Journal of Soil and Water Conservation},
  year = {1992},
  volume = {47},
  pages = {423-428}
}

@BOOK{Moran1948JRSS,
  title = {The interpretation of statistical maps},
  publisher = {Journal of the Royal Statistical Society B 10, 24351.},
  year = {1948},
  author = {Moran, P.}
}

@CONFERENCE{Morant2005JIDEE,
  author = {Morant de Diego, T and Carretero Moreno, I.},
  title = {Estableciendo bases organizacionales para una IDE local},
  booktitle = {JIDEE 05},
  year = {2005},
  note = {Disponible en \url{http://www.idee.upm.es/jidee05/descargas/sesion_08_01.pdf}},
  owner = {volaya},
  timestamp = {2010.08.26},
  url = {http://www.idee.upm.es/jidee05/descargas/sesion_08_01.pdf}
}

@ARTICLE{Morisita1959Kyushu,
  author = {Morisita, M.},
  title = {Measuring of the dispersion and analysis of distribution patterns.},
  journal = {Memoires of the Faculty of Science, Kyushu University},
  year = {1959},
  volume = {2},
  pages = {215-235.}
}

@INBOOK{Morrison1980Wiley,
  chapter = {Computer technology and cartographic change},
  pages = {5--23},
  title = {The computer in contemporary cartography},
  publisher = {John Wiley and Sons},
  year = {1980},
  editor = {D.R.F. Taylor},
  author = {Morrison, J.L.},
  owner = {volaya},
  timestamp = {2010.10.05}
}

@TECHREPORT{Morton1966IBM,
  author = {G.M. Morton},
  title = {A computer Oriented Geodetic Data Base; and a New Technique in File
	Sequencing},
  institution = {IBM Ltd},
  year = {1966}
}

@INPROCEEDINGS{museros05,
  author = {Museros Recatal\'a, J.M.},
  title = {Sistema de Informaci\'on territorial para la administraci\'on local:
	GeoPISTA},
  booktitle = {Tecnimap},
  year = {2005},
  note = {Disponible en \url{http://www.csi.map.es/csi/tecnimap/tecnimap_2006/04T_PDF/sistema\%20de\%20informacion\%20territorial.pdf}},
  owner = {jorge},
  timestamp = {2007.06.17},
  url = {http://www.csi.map.es/csi/tecnimap/tecnimap_2006/04T_PDF/sistema\%20de\%20informacion\%20territorial.pdf}
}

@BOOK{Myers1990PWS,
  title = {Classical and Modern Regression with Applications},
  publisher = {PWS-Kent Publishing},
  year = {1990},
  author = {Myers, R.H.},
  pages = {488}
}

@ARTICLE{Nakaya2000EP,
  author = {Nakaya, T.},
  title = {An information statistical approach to the modifiable areal unit
	problem in incidence rate maps},
  journal = {Environment \& Planning},
  year = {2000},
  volume = {32}
}

@ARTICLE{Nedas2007IJGIS,
  author = {Nedas, K.A. and Egenhofer, M.J. and Wilmsen, D.},
  title = {Metric details of topological line-line relations},
  journal = {International Journal of Geographical Information Science},
  year = {2007},
  volume = {21},
  pages = {21-48},
  number = {1}
}

@ARTICLE{Nesetril2001DMATH,
  author = {Jaroslav Nesetril and Eva Milkova and Helena Nesetrilova},
  title = {Otakar Boruvka on Minimum Spanning Tree Problem (translation of both
	1926 papers, comments, history)},
  journal = {DMATH: Discrete Mathematics},
  year = {2001},
  volume = {233},
  note = {Disponible en \url{http://citeseer.ist.psu.edu/nesetril00otakar.html}},
  url = {http://citeseer.ist.psu.edu/nesetril00otakar.html}
}

@BOOK{neteler2007openSourceGIS,
  title = {Open {S}ource {GIS}: {A} {GRASS} {GIS} {A}pproach},
  publisher = {Springer, New York},
  year = {2007},
  author = {M. Neteler and H. Mitasova},
  pages = {420},
  edition = {Third},
  month = {October}
}

@ARTICLE{Newcomer1984TAC,
  author = {Newcomer, J.A. and Szajgin, J.},
  title = {Accumulation of thematic map errors in digital overlay analysis},
  journal = {The American Cartographer},
  year = {1984},
  volume = {11},
  pages = {58-62},
  number = {1},
  owner = {Usuario},
  timestamp = {2008.05.20}
}

@ARTICLE{Nikolakopoulos2006IJRS,
  author = {K. G. Nikolakopoulos and E. K. Kamaratakis and N. Chrysoulakis},
  title = {SRTM vs ASTER elevation products. Comparison for two regions in Crete,
	Greece},
  journal = {International Journal of Remote Sensing},
  year = {2006},
  volume = {27},
  pages = {4819-4838},
  number = {21},
  note = {Disponible en \url{http://www.iacm.forth.gr/_docs/pubs/4/Nikolakopoulos_et_al_2006.pdf}},
  url = {http://www.iacm.forth.gr/_docs/pubs/4/Nikolakopoulos_et_al_2006.pdf}
}

@ARTICLE{Ninyerola2000IJC,
  author = {Ninyerola, M. and Pons, X. and Roure, JM.},
  title = {A methodological approach of climatological modelling of air temperature
	and precipitation through GIS techniques},
  journal = {International Journal of Climatology},
  year = {2000},
  volume = {20},
  pages = {1823-1841}
}

@CONFERENCE{Nivala2003HCI,
  author = {Nivala, A-M. and Sarjakoski, L.T.},
  title = {An Approach to Intelligent Maps: Context Awareness},
  booktitle = {MobileHCI'03, 5th International Conference on Human Computer Interaction
	with Mobile Devices and Services, September 8th,
	2003, Udine, Italy},
  year = {2003},
  note = {Disponible en \url{http://www.comp.lancs.ac.uk/~kc/mguides03/pdfs/Nivala_Sarjakoski_final-x.pdf}},
  owner = {volaya},
  timestamp = {2010.09.10},
  url = {http://www.comp.lancs.ac.uk/~kc/mguides03/pdfs/Nivala_Sarjakoski_final-x.pdf}
}

@ARTICLE{Nyerges1991CartoAndGIS,
  author = {Nyerges, T.L.},
  title = {Analytical Map Use},
  journal = {Cartography and GIS},
  year = {1991},
  volume = {18},
  note = {Disponible en \url{http://courses.washington.edu/geog469/Lab_2010/criticalquestions_amu.pdf}},
  url = {http://courses.washington.edu/geog469/Lab_2010/criticalquestions_amu.pdf}
}

@ARTICLE{Callaghan1984CVGIP,
  author = {O'Callaghan, J. and Mark, D.},
  title = {The extraction of drainage networks from digital elevation data},
  journal = {Computer Vision, Graphics, and Image Processing},
  year = {1984},
  volume = {28},
  pages = {323-344}
}

@BOOK{Rourke1998Cambridge,
  title = {Computational Geometry in C},
  publisher = {Cambridge University Press},
  year = {1998},
  author = {O'Rourke, J.}
}

@BOOK{Olaya2004,
  title = {Hidrolog칤a computacional},
  year = {2004},
  author = {Victor Olaya},
  note = {Disponible en \url{http://www.gabrielortiz.com}},
  owner = {volaya},
  timestamp = {2010.08.13}
}

@BOOK{Oort2005NGC,
  title = {Spatial data quality: from description to application},
  publisher = {Netherlands Geodetic Commission},
  year = {2005},
  author = {Pepijn van Oort},
  note = {Disponible en \url{http://www.ncg.knaw.nl/Publicaties/Geodesy/pdf/60Oort.pdf}},
  owner = {USUARIO},
  timestamp = {2007.12.07},
  url = {http://www.ncg.knaw.nl/Publicaties/Geodesy/pdf/60Oort.pdf}
}

@BOOK{Openshaw1983Geobooks,
  title = {The Modifiable Areal Unit Problem.},
  publisher = {GeoBooks.},
  year = {1983},
  author = {Openshaw, S},
  series = {Concepts and Techniques in
	
	Modern Geography 38}
}

@INBOOK{Openshaw1979Pion,
  chapter = {A million or so correlation coefficients: three experiments on the
	modifiable areal unit problem.},
  pages = {127-144},
  title = {Statistical Applications in the Spatial Sciences},
  publisher = {Pion},
  year = {1979},
  editor = {N. Wrigley and R. Bennett},
  author = {Openshaw, S. and P. Taylor}
}

@INPROCEEDINGS{Pack1999SINMAP,
  author = {Pack, R.T. and Tarboton, D.G. and Goodwin, C.N.},
  title = {GIS--based landslide susceptibility mapping with SINMAP},
  booktitle = {Proceedings of the 34th Symposium on Engineering Geology and Geotechnical
	Engineering},
  year = {1999},
  pages = {219-231}
}

@ARTICLE{Paola1995IEEE,
  author = {Paola,J.D. and Schowengerdt,R.A.},
  title = {A detailed comparison of backpropagation neural network and maximum-likelihood
	classifiers for urban land use classification},
  journal = {IEEE Transactions on Geoscience and Remote Sensing},
  year = {1995},
  volume = {GE-33},
  pages = {981-996},
  number = {4}
}

@ARTICLE{Parker1982PG,
  author = {Parker, A.J.},
  title = {The topographic relative moisture index: An approach to soil-moisture
	assessment in mountain terrain},
  journal = {Physical Geography},
  year = {1982},
  volume = {3},
  pages = {160-168}
}

@ARTICLE{Rodriguez2003Mapping,
  author = {Antonio Rodriguez Pascual},
  title = {IDEE:La Infraestructura de Datos Espa침ola},
  journal = {Mapping Interactivo},
  year = {2003},
  volume = {86},
  note = {Disponible en \url{http://www.mappinginteractivo.com/plantilla-ante.asp?id_articulo=226}},
  owner = {volaya},
  timestamp = {2010.08.26},
  url = {http://www.mappinginteractivo.com/plantilla-ante.asp?id_articulo=226}
}

@BOOK{Pavlidis1982CSP,
  title = {Algorithms for Graphics and Image Processing},
  year = {1982},
  editor = {Comput. Sci. Press},
  author = {T. Pavlidis}
}

@INCOLLECTION{Peckham1998WS,
  author = {Peckham, S.D.},
  title = {Efficient extraction of river networks and hydrologic measurements
	from digital elevation data},
  booktitle = {Stochastic Methods in Hydrology: Rain, Landforms and Floods},
  publisher = {World Scientific},
  year = {1998},
  editor = {{Barndorff-Nielsen et al.}},
  pages = {173-203},
  address = {Singapore}
}

@ARTICLE{Perry1984RSE,
  author = {Perry, C. Jr. and Lautenschlager, L. F.},
  title = {Functional Equivalence of Spectral Vegetation Indices},
  journal = {Remote Sensing and the Environment},
  year = {1984},
  volume = {14},
  pages = {169-182},
  note = {Disponible en \url{http://www.nass.usda.gov/Education_and_Outreach/Reports,_Presentations_and_Conferences/GIS_Reports/Functional\%20Equivalence\%20of\%20Spectral\%20Vegetation\%20Indices.pdf}},
  url = {http://www.nass.usda.gov/Education_and_Outreach/Reports,_Presentations_and_Conferences/GIS_Reports/Functional\%20Equivalence\%20of\%20Spectral\%20Vegetation\%20Indices.pdf}
}

@INPROCEEDINGS{Peuker1978ASP,
  author = {Peucker, T.K and R.J. Fowler and J.J. Little and D.M. Mark},
  title = {The Triangulated Irregular Network},
  booktitle = {Proceedings, American Society of Photogrammetry: Digital Terrain
	Models (DTM) Symposium, St. Louis, Missouri, May 9-11,},
  year = {1978},
  pages = {516-540}
}

@ARTICLE{Peuker1975CGIP,
  author = {Peuker, T. K. and Douglas, D. H.},
  title = {Detection of surface specific points by local parallel processing
	of discrete terrain elevation data},
  journal = {Computer Graphics and Image Processing},
  year = {1975},
  volume = {4},
  pages = {375-487}
}

@ARTICLE{Phillips2006EM,
  author = {Phillips, S.J. and Anderson, R.P. and Schapire, R.P.},
  title = {Maximum entropy modeling of species geographic distributions},
  journal = {Ecological Modelling},
  year = {2006},
  volume = {190(3/4)},
  pages = {231--259},
  note = {Disponible en \url{http://www.cs.princeton.edu/~schapire/papers/ecolmod.pdf}},
  owner = {volaya},
  timestamp = {2010.10.12}
}

@ARTICLE{Pike2000PPG,
  author = {Pike, R.J.},
  title = {Geomorphometry --- diversity in quantitative surface analysis},
  journal = {Progress in Physical Geography},
  year = {2000},
  volume = {24},
  pages = {1-20},
  number = {1}
}

@ARTICLE{Pike1995ZG,
  author = {Pike, R.J.},
  title = {Geomorphometry --- progress, practice, and prospect},
  journal = {Zeitschrift f\"{u}r Geomorphologie},
  year = {1995},
  volume = {101},
  pages = {221-238}
}

@INPROCEEDINGS{Pilesjo1998Geoinf,
  author = {Pilesjo, P.},
  title = {Estimation of flow distribution for hydrological modelling},
  booktitle = {Proceeding Geoinformatics 98 Conference},
  year = {1998},
  note = {Disponible en {http://www.natgeo.lu.se/Personal/Lars.Harrie/GeoInf98.pdf}},
  url = {http://www.natgeo.lu.se/Personal/Lars.Harrie/GeoInf98.pdf}
}

@INPROCEEDINGS{Pilesjo1997Geoinf,
  author = {Pilesjo, P. and Zhou, Q.},
  title = {Theoretical estimation of flow accumulation from a grid-based digital
	elevation model},
  booktitle = {Proceeding Geoinformatics 97 Conference},
  year = {1997},
  note = {Disponible en \url{http://geog.hkbu.edu.hk/QZone/Research/Papers/FullPaper/1997_GInf_3.pdf}},
  url = {http://geog.hkbu.edu.hk/QZone/Research/Papers/FullPaper/1997_GInf_3.pdf}
}

@ARTICLE{Planchon2001Catena,
  author = {Planchon, O. and Darboux, F.},
  title = {A fast, simple and versatile algorithm to fill the depressions of
	digital elevation models},
  journal = {Catena},
  year = {2001},
  volume = {46},
  pages = {159-176},
  note = {Disponible en \url{http://www-rocq.inria.fr/estime/DYNAS/PDF/planchon01b.pdf}},
  url = {http://www-rocq.inria.fr/estime/DYNAS/PDF/planchon01b.pdf}
}

@ARTICLE{Plourde2003PHE,
  author = {Plourde, L. and Congalton, R.},
  title = {Sampling method and sample placement: How do they afect the accuracy
	of remotely sensed maps?},
  journal = {Photogramm. Eng. Rem.},
  year = {2003},
  volume = {69},
  pages = {289-297},
  number = {3},
  note = {Disponible en \url{http://www.asprs.org/publications/pers/2003journal/march/2003_mar_289-297.pdf}},
  url = {http://www.asprs.org/publications/pers/2003journal/march/2003_mar_289-297.pdf}
}

@INPROCEEDINGS{Pouderoux2007ICDAR,
  author = {J. Pouderoux and S. Spinello},
  title = {Contour line recognition from scanned topographic maps},
  booktitle = {9th International Conference on Document Analysis and Recognition},
  year = {2007},
  pages = {779--783},
  note = {Disponible en \url{http://iparla.inria.fr/publications/2004/SG04/K13.pdf}},
  url = {http://iparla.inria.fr/publications/2004/SG04/K13.pdf}
}

@BOOK{Preparata1985Springer,
  title = {Computational Geometry - An Introduction.},
  publisher = {Springer-Verlag},
  year = {1985},
  author = {Preparata, F.P. and Shamos, M.I.}
}

@MASTERSTHESIS{Price2006MsC,
  author = {Brian Price},
  title = {Image Vectorization},
  school = {Department of Computer Science, Brigham Young University},
  year = {2006},
  note = {Disponible en \url{http://contentdm.lib.byu.edu/ETD/image/etd1321.pdf}},
  url = {http://contentdm.lib.byu.edu/ETD/image/etd1321.pdf}
}

@ARTICLE{Prim1957Bell,
  author = {R. C. Prim},
  title = {Shortest connection networks and some generalisation},
  journal = {Bell System Technical Journal},
  year = {1957},
  volume = {36},
  pages = {1389-1401},
  owner = {Usuario},
  timestamp = {2008.02.15}
}

@INPROCEEDINGS{Pullar1988Sydney,
  author = {Pullar, D. V. and Egenhofer, M. J.},
  title = {Toward formal definitions of topological relations among spatial
	objects},
  booktitle = {Proceedings Third International Symposium on Spatial Data Handling,
	Sydney, Australia, August 17-19},
  year = {1988},
  pages = {225-241}
}

@ARTICLE{Qi1994RSE,
  author = {Qi, J. and Chehbouni A. andHuete, A. R. and Kerr, Y. H. and Sorooshian,
	S.},
  title = {A Modified Soil Adjusted Vegetation Index},
  journal = {Remote Sensing and the Environment},
  year = {1994},
  volume = {48},
  pages = {119-126}
}

@ARTICLE{Quinn1991HP,
  author = {Quinn, P. and Beven, K. and Chevallier, P. and Planchon, O.},
  title = {The prediction of hillslope paths for distributed hydrological modeling
	using digital terrain models},
  journal = {Hydrological processes},
  year = {1991},
  volume = {5},
  pages = {59-79},
  note = {Disponible en \url{http://horizon.documentation.ird.fr/exl-doc/pleins_textes/pleins_textes_5/b_fdi_30-30/31676.pdf}},
  url = {http://horizon.documentation.ird.fr/exl-doc/pleins_textes/pleins_textes_5/b_fdi_30-30/31676.pdf}
}

@ARTICLE{Quinn1995HP,
  author = {Quinn, P.F. and Beven, K.J. and Lamb, R.},
  title = {The ln(a/tanb) index: how to calcute it and how to use it within
	in the TOPMODEL framework},
  journal = {Hydrological processes},
  year = {1995},
  volume = {9},
  pages = {161-182}
}

@BOOK{Raisz1965Omega,
  title = {Cartograf\'ia General},
  publisher = {Ediciones Omega},
  year = {1965},
  author = {Raisz, E.},
  pages = {436}
}

@TECHREPORT{ramsey03,
  author = {Ramsey, Paul},
  title = {User Friendly Desktop Internet GIS (uDig) for OpenGIS Spatial Data
	Infrastructures},
  institution = {Refractions},
  year = {2003},
  owner = {jorge},
  timestamp = {2007.06.17},
  url = {http://udig.refractions.net/docs/udig-summary.pdf}
}

@PHDTHESIS{Rao1969PhD,
  author = {Rao, J.S.},
  title = {Some contributions to the analysis of circular data},
  school = {Indian Statistical Institute, Calcutta.},
  year = {1969}
}

@INCOLLECTION{Rasemann2004Springer,
  author = {Rasemann, S. and Schmidt, J. and Schrott, L. and Dikau, R.},
  title = {Geomorphometry in mountain terrain},
  booktitle = {GIS \& Mountain Geomorphology},
  publisher = {Springer},
  year = {2004},
  editor = {Bishop, M. P. and Shroder, J. F.},
  pages = {101-145},
  address = {Berlin}
}

@PHDTHESIS{Reichenbacher2004PhD,
  author = {Reichenbacher, T.},
  title = {Mobile Cartography - Adaptive Visualisation of Geographic Information
	on Mobile Devices},
  year = {2004},
  owner = {volaya},
  timestamp = {2010.09.10}
}

@INPROCEEDINGS{Remondi1988IN,
  author = {Remondi, B.W},
  title = {Kinematic and pseudo-kinematic GPS},
  booktitle = {Proceedings of the Satellite Division Technical Meeting. The Institute
	of Navigation.},
  year = {1988},
  pages = {115-121}
}

@PHDTHESIS{Reynolds1998PhD,
  author = {Reynolds, H.D.},
  title = {The modifiable area unit problem: empirical analysis by statistical
	simulation},
  school = {University of Toronto},
  year = {1998}
}

@ARTICLE{Rhyne1997CG,
  author = {Rhyne, T. M.},
  title = {Going virtual with geographic information and scientific visualization},
  journal = {Computers and Geosciences},
  year = {1997},
  volume = {23},
  pages = {489--491},
  number = {4},
  publisher = {Pergamon Press, Inc.}
}

@ARTICLE{Riano2003IEEE,
  author = {Ria\~{n}o, D. and Chuvieco, E. and Salas, J. and Aguado, I.},
  title = {Assessment of different topographic corrections in Landsat-TM data
	for mapping vegetation types},
  journal = {IEEE Transactions on Geoscience and Remote Sensing},
  year = {2003},
  volume = {41},
  pages = {1056-1061},
  number = {5},
  note = {Disponible en \url{http://www.geogra.uah.es/emilio/pdf/Riano2003b.pdf}},
  url = {http://www.geogra.uah.es/emilio/pdf/Riano2003b.pdf}
}

@ARTICLE{Richards1990NumMeth,
  author = {Richards, G. D.},
  title = {An elliptical growth model of forest fire fronts and its numerical
	solution},
  journal = {Int. J. Num. Methods Eng},
  year = {1990},
  volume = {30},
  pages = {1163-1179}
}

@BOOK{Richards1986Springer,
  title = {Remote Sensing Digital Image Analysis: An Introduction},
  publisher = {Springer Verlag},
  year = {1986},
  author = {Richards, J.A}
}

@ARTICLE{Richardson1977PERS,
  author = {Richardson, A.J. and Wiegand, C.L.},
  title = {Distinguishing vegetation from background soil information},
  journal = {Photogrammetric Engineering and Remote Sensing},
  year = {1977},
  volume = {43},
  pages = {1541-1552}
}

@ARTICLE{Ripley1977JRSS,
  author = {B.D. Ripley},
  title = {Modelling spatial patterns.},
  journal = {Journal of the Royal Statistical Society. Series B 30},
  year = {1977},
  pages = {172-192}
}

@ARTICLE{Ritter1990CompuVision,
  author = {Ritter, G.X. and Wilson, J. and Davidson, J.},
  title = {Image algebra: An overview.},
  journal = {Computer Vision, Graphics and Image Processing},
  year = {1990},
  volume = {49},
  pages = {297-331}
}

@ARTICLE{Rizos1998BCG,
  author = {Chris Rizos and Shaowei Han},
  title = {Precise kinematic applications of GPS: prospects and challenges},
  journal = {B. Ci. Geod\'esicas},
  year = {1998},
  volume = {3},
  pages = {34-40},
  note = {Disponible en \url{http://calvados.c3sl.ufpr.br/ojs2/index.php/bcg/article/viewFile/1479/1233}},
  url = {http://calvados.c3sl.ufpr.br/ojs2/index.php/bcg/article/viewFile/1479/1233}
}

@BOOK{Robinson1978Wiley,
  title = {Elements of cartography},
  publisher = {Wiley},
  year = {1978},
  author = {Robinson, A. and Sale, R. and Morrison, J.},
  owner = {volaya},
  timestamp = {2010.10.26}
}

@ARTICLE{Robinson1991IJRS,
  author = {J.M. Robinson},
  title = {Fire from space: global fire evaluation using infrared remote sensing},
  journal = {International Journal of Remote Sensing},
  year = {1991},
  volume = {12},
  pages = {3-24}
}

@INCOLLECTION{Rock1985Symp,
  author = {Rock, B.N. and Williams, D.L. and Vogelmann, J.E.},
  title = {Field and airborne spectral characterization of suspected acid deposition
	damage in red spruce (Picea rubens) from Vermont},
  booktitle = {Proc., Symp. on Machine Processing of Remotely Sensed Data, Purdue
	Univ., West Lafayette, Indiana.},
  year = {1985}
}

@CONFERENCE{Rodriguez2005JIDEE,
  author = {Rodriguez, D.P. and Cebolla, R.M.},
  title = {La gesti칩n de usuarios en una Infraestructura de Datos Espaciales},
  booktitle = {Actas de las Jornadas T칠cnicas de la IDE de Espa침a},
  year = {2005},
  note = {Disponible en \url{http://www.idee.upm.es/jidee05/descargas/sesion_07_04.pdf}},
  owner = {volaya},
  timestamp = {2010.08.19},
  url = {http://www.idee.upm.es/jidee05/descargas/sesion_07_04.pdf}
}

@BOOK{Rogerson2001Sage,
  title = {Statistical Methods for Geography},
  publisher = {Sage},
  year = {2001},
  author = {Peter A. Rogerson.}
}

@INPROCEEDINGS{Roller1980SympoRSE,
  author = {Roller, N.E.G. and Cox, S.},
  title = {Comparison of Landsat MSS and merged MSS/RBV data for analysis of
	natural vegetation},
  booktitle = {Proc. of the 14th International Symposium on Remote Sensing of Environment,
	San Jose, Costa Rica, 23-30 April},
  year = {1980},
  pages = {1001-1007}
}

@ARTICLE{Rossenfeld1971IEEE,
  author = {Rosenfeld, A. and Thurston M.},
  title = {Edge and curve detection for visual scene analysis},
  journal = {IEE Trans. on Computers},
  year = {1971},
  volume = {20-c},
  pages = {562-569},
  number = {5}
}

@ARTICLE{Roth2003Archives,
  author = {T. A. Roth and G. Strunz and S. Dech},
  title = {Object-oriented classification of LANDSAT-7 data for regional planning
	purpose.},
  journal = {The international archives of the photogrammetry, remote sensing
	and spatial information sciences},
  year = {2003},
  volume = {34},
  number = {7}
}

@TECHREPORT{Rothemel1972USDA,
  author = {Rothermel, R.C.},
  title = {A mathematical model for predicting fire spread in wildland fuels},
  institution = {USDA For. Serv. Res. Pap. INT-115.},
  year = {1972},
  note = {Disponible en \url{http://www.emxsys.com/documentation/references/Rothermel_1972_RP-INT-115.pdf}},
  url = {http://www.emxsys.com/documentation/references/Rothermel_1972_RP-INT-115.pdf}
}

@INPROCEEDINGS{Rouse1973ERTS,
  author = {Rouse, J. W. and R. H. Haas and J. A. Schell and D. W. Deering},
  title = {Monitoring vegetation systems in the Great Plains with ERTS},
  booktitle = {Procceding of the Third ERTS Symposium, NASA SP-351 I},
  year = {1973},
  pages = {309-317.}
}

@INPROCEEDINGS{Ruby2002SPIE,
  author = {Ruby, J.~G. and Fischer, R.~L.},
  title = {Spectral signatures database for remote sensing applications},
  booktitle = {Imaging Spectrometry VIII},
  year = {2002},
  editor = {{Shen}, S.~S.},
  volume = {4816},
  pages = {156-163},
  note = {Disponible en \url{http://www.lpi.usra.edu/science/kirkland/Community/tec_spec_library.pdf}},
  adsnote = {Provided by the Smithsonian/NASA Astrophysics Data System},
  adsurl = {http://adsabs.harvard.edu/abs/2002SPIE.4816..156R},
  url = {http://www.lpi.usra.edu/science/kirkland/Community/tec_spec_library.pdf}
}

@ARTICLE{Russell1995CSSC,
  author = {Russell, G.S. and D.J. Levitin},
  title = {An expanded table of probability values for Rao's Spacing Test},
  journal = {Communications in statistics: Simulation and computation},
  year = {1995},
  volume = {24},
  pages = {879-888}
}

@INPROCEEDINGS{Ryttersgaard2004FIG,
  author = {Ryttersgaard,J},
  title = {Across Boundaries - SDI in a European Perspective (INSPIRE)},
  booktitle = {FIG Working Week 2004},
  year = {2004},
  note = {Disponible en \url{http://www.fig.net/pub/athens/papers/ts22/ts22_6_ryttersgaard.pdf}},
  owner = {volaya},
  timestamp = {2010.08.19},
  url = {http://www.fig.net/pub/athens/papers/ts22/ts22_6_ryttersgaard.pdf}
}

@ARTICLE{Saaty1977JMP,
  author = {Saaty, T.L.},
  title = {A Scaling Method for Priorities in Hierarchical Structures},
  journal = {J. Math. Psychology},
  year = {1977},
  volume = {15},
  pages = {234-281}
}

@INCOLLECTION{Sabin1980Academic,
  author = {Sabin, M.A.},
  title = {Contouring. A review of methods for scattered data.},
  booktitle = {Mathematical methods in computer graphics and design},
  publisher = {Academic Press},
  year = {1980}
}

@UNPUBLISHED{SarriaSIG,
  author = {Sarria, F. A},
  title = {Sistemas de Informacion Geografica},
  year = {2005}
}

@ARTICLE{Saura2009EMS,
  author = {Saura, S. and Torn\'e J.},
  title = {Conefor Sensinode 2.2: a software package for quantifying the importance
	of habitat patches for landscape connectivity},
  journal = {Environmental Modelling \& Software},
  year = {2009},
  volume = {24},
  pages = {135--139},
  note = {Disponible en \url{http://www.conefor.org}},
  owner = {volaya},
  timestamp = {2010.10.18},
  url = {http://www.conefor.org}
}

@CONFERENCE{Schilit1994IEEE,
  author = {Schilit, B. and Adams, N. and Want, R.},
  title = {Context-aware computing applications},
  booktitle = {Proceedings of IEEE Workshop on Mobile Computing Systems and Applications},
  year = {1994},
  pages = {85-90},
  note = {Disponible en \url{http://www.ubiq.com/want/papers/parctab-wmc-dec94.pdf}},
  owner = {volaya},
  timestamp = {2010.09.10},
  url = {http://www.ubiq.com/want/papers/parctab-wmc-dec94.pdf}
}

@ARTICLE{Schmidt2003IJGIS,
  author = {Schmidt, J. and Evans, I. and Brinkmann, J.},
  title = {Comparison of polynomial models for land surface curvature calculation},
  journal = {International Journal Geographical Information Science},
  year = {2003},
  volume = {17},
  pages = {797-814}
}

@ARTICLE{Schweikert1966JMP,
  author = {Schweikert, D. G},
  title = {An interpolation curve using a spline in tension},
  journal = {Journal of Mathematics and Physics,},
  year = {1966},
  volume = {45},
  pages = {312-313}
}

@BOOKLET{SearcyPrecisionFarming,
  title = {Precision Farming: A New Approach to Crop Management},
  author = {Stephen W. Searcy},
  note = {Disponible en \url{http://txprecag.tamu.edu/content/pub/pf-ncm.pdf}},
  owner = {volaya},
  timestamp = {2010.10.29},
  url = {http://txprecag.tamu.edu/content/pub/pf-ncm.pdf}
}

@TECHREPORT{Sentz2002Sandia,
  author = {Karl Sentz and Scott Ferson},
  title = {Combination of Evidence in Dempster-Shafer Theory},
  institution = {Sandia National Laboratories},
  year = {2002},
  note = {Disponible en \url{http://www.sandia.gov/epistemic/Reports/SAND2002-0835.pdf}},
  url = {http://www.sandia.gov/epistemic/Reports/SAND2002-0835.pdf}
}

@BOOK{Shafer1976Princeton,
  title = {A Mathematical Theory of Evidence},
  publisher = {Princeton University Press},
  year = {1976},
  author = {Shafer, G.}
}

@INCOLLECTION{Shary1991Stepanov,
  author = {Shary, P.A.},
  title = {Topographical method of second derivatives},
  booktitle = {The Geometry of Land Surface Structures},
  publisher = {PNC AN SSSR},
  year = {1991},
  editor = {Stepanov, I.N.},
  pages = {28-58}
}

@ARTICLE{Shary1995MG,
  author = {Shary, P.A.},
  title = {Land surface in gravity points classification by a complete system
	of curvatures},
  journal = {Mathematical Geology},
  year = {1995},
  volume = {27},
  pages = {373-390},
  number = {3}
}

@ARTICLE{Shary2005GFDQ,
  author = {Shary, P.A. and Sharaya, L.S. and Mitusov, A.V.},
  title = {The problem of scale-specific and scale-free approaches in geomorphometry},
  journal = {Geografia Fisica e Dinamica Quaternaria},
  year = {2005},
  volume = {28},
  pages = {81-101},
  number = {1}
}

@ARTICLE{Shary2002Geoderma,
  author = {Shary, P.A. and Sharaya, L.S. and Mitusov, A.V.},
  title = {Fundamental quantitative methods of land surface analysis},
  journal = {Geoderma},
  year = {2002},
  volume = {107},
  pages = {1-32},
  number = {1-2}
}

@ARTICLE{Shekhard2003Unified,
  author = {Shashi Shekhar and Chang-Tien Lu and Pusheng Zhang},
  title = {A Unified Approach to Detecting Spatial Outliers},
  journal = {GeoInformatica},
  year = {2003},
  volume = {7},
  number = {2},
  note = {Disponible en \url{http://www.spatial.cs.umn.edu/paper_ps/geoinfo.pdf}},
  owner = {Usuario},
  timestamp = {2008.01.30},
  url = {http://www.spatial.cs.umn.edu/paper_ps/geoinfo.pdf}
}

@INPROCEEDINGS{Shepard1968ACM,
  author = {Shepard, Donald},
  title = {Two-Dimensional Interpolation Function for Irregularly-spaced Data},
  booktitle = {Proc ACM National Conference},
  year = {1968},
  pages = {517-524.}
}

@ARTICLE{Shreve1974WRR,
  author = {Shreve, R.L.},
  title = {Variation of main stream length with basin area in river networks},
  journal = {Water Resources Research},
  year = {1974},
  volume = {10},
  pages = {1167-1177},
  number = {6}
}

@ARTICLE{Shreve1966JGeol,
  author = {Shreve, R.L., S.},
  title = {Statistical law of stream numbers},
  journal = {J. Geol},
  year = {1966},
  volume = {74},
  pages = {17--37}
}

@INBOOK{Sibson1981Wiley,
  chapter = {A Brief Description of Natural Neighbor Interpolation},
  pages = {21-36},
  title = {Interpolating multivariate data},
  publisher = {John Wiley \& Sons},
  year = {1981},
  author = {Sibson, R.}
}

@BOOK{Silverman1986Chapman,
  title = {Density estimation for statistics and data analysis.},
  publisher = {Chapman and Hall},
  year = {1986},
  author = {Silverman, B.D.}
}

@INPROCEEDINGS{Sindayihebura2006Accuracy,
  author = {A. Sindayihebura and M. Van Meirvenne and S. Nsabimana},
  title = {Comparison of Methods for Deriving a Digital Elevation Model from
	Contours and Modelling of the Associated Uncertainty},
  booktitle = {Proceedings 7th International Symposium on Spatial Accuracy Assessment
	in Natural Resources and Environmental Sciences},
  year = {2006},
  editor = {M. Caetano and M. Painho.},
  note = {Disponible en \url{http://www.spatial-accuracy.org/system/files/Sindayihebura2006accuracy.pdf}},
  url = {http://www.spatial-accuracy.org/system/files/Sindayihebura2006accuracy.pdf}
}

@INCOLLECTION{Sinton1978Addison,
  author = {Sinton, D.F.},
  title = {The inherent structure of information as a constraint to analysis:
	Mapped thematic data as a case study},
  booktitle = {Harvard Papers on Geographic Information Systems, vol. 6},
  publisher = {Addison-Wesley},
  year = {1978},
  pages = {1-17}
}

@ARTICLE{Skyum1991IPL,
  author = {Skyum},
  title = {A simple algorithm for computing the smallest enclosing circle},
  journal = {Information Processing Letters},
  year = {1991},
  volume = {3},
  pages = {121-125},
  note = {Disponible en \url{http://www.ist-palcom.org/publications/PB/314/PB-314.pdf}},
  url = {http://www.ist-palcom.org/publications/PB/314/PB-314.pdf}
}

@BOOK{Slater1982Heineman,
  title = {Learning through Geography.},
  publisher = {Heineman Educational Books, Ltd},
  year = {1982},
  author = {Slater, F.}
}

@ARTICLE{Snyder1978ACM,
  author = {W. V. Snyder},
  title = {Contour Plotting},
  journal = {ACM Transactions on Mathematical Software},
  year = {1978},
  volume = {4},
  pages = {290-294},
  number = {3}
}

@ARTICLE{Solyman2005Directions,
  author = {Solyman, A. A.},
  title = {Investigating Mobile GIS},
  journal = {Directions Magazine},
  year = {2005},
  volume = {November},
  note = {Disponible en \url{http://www.directionsmag.com/articles/investigating-mobile-gis/123298}},
  owner = {volaya},
  timestamp = {2010.08.30},
  url = {http://www.directionsmag.com/articles/investigating-mobile-gis/123298}
}

@BOOK{Star1990Prentice,
  title = {Geographic Information Systems: An Introduction},
  publisher = {Prentice-Hall},
  year = {1990},
  author = {J. Star and J. Estes}
}

@BOOK{Steede2000ESRI,
  title = {Integrating GIS and the Global Positioning System},
  publisher = {ESRI Press},
  year = {2000},
  author = {Karen Steede-Terry}
}

@ARTICLE{Storch1993JClim,
  author = {von Storch, H. and Zorita, E. and Cubash, U.},
  title = {Downscaling of global climate change estimates to regional scales:
	an application to Iberian rainfall in wintertime},
  journal = {J Clim},
  year = {1993},
  volume = {6},
  pages = {1161-71}
}

@INCOLLECTION{Strahler1964Chow,
  author = {Strahler, A.N.},
  title = {Quantitative geomorphology of drainage basins and channel networks},
  booktitle = {Handbook of Applied Hydrology},
  publisher = {McGraw-Hill, New York},
  year = {1964},
  editor = {Chow, V.T.},
  pages = {4-39--4-76}
}

@INPROCEEDINGS{Su1995ACM,
  author = {Peter Su and R. L. Scot Drysdale},
  title = {A Comparison of Sequential Delaunay Triangulation Algorithms},
  booktitle = {Proceedings of the Eleventh Annual Symposium on Computational Geometry},
  year = {1995},
  editor = {Association for Computing Machinery},
  pages = {61-70}
}

@INCOLLECTION{Sutcliffe1980Academic,
  author = {Sutcliffe, D. C.},
  title = {Contouring over rectangular and skewed rectangular grids. An introduction},
  booktitle = {Mathematical methods in computer graphics and design},
  publisher = {Academic Press},
  year = {1980}
}

@BOOK{Swain1978McGraw,
  title = {Remote Sensing: The Quantitative Approach},
  publisher = {Mc Graw-Hill},
  year = {1978},
  author = {Swain, P. and Davis, S.},
  pages = {396}
}

@ARTICLE{TAkeyama1997IJGIS,
  author = {Takeyama, M. and Couclelis, H.},
  title = {Map dynamics: integrating cellular automata and GIS through Geo-Algebra},
  journal = {International Journal of Geographical Information Science},
  year = {1997},
  volume = {11},
  pages = {73-91}
}

@BOOK{Tanaka1997Springer,
  title = {An Introduction to Fuzzy Logic for Practical Applications. Springer},
  publisher = {Springer Verlag},
  year = {1997},
  author = {Tanaka, K.}
}

@ARTICLE{Tarboton1997WRR,
  author = {Tarboton, D.G.},
  title = {A new method for the determination of flow directions and upslope
	areas in grid digital elevation models},
  journal = {Water Resources Research},
  year = {1997},
  volume = {33(2)},
  pages = {309-319}
}

@ARTICLE{Tarboton1991HP,
  author = {Tarboton, D.G. and Bras, R.L. and Rodriguez-Iturbe, I.},
  title = {On the Extraction of Channel Networks from Digital Elevation Data},
  journal = {Hydrologic Processes},
  year = {1991},
  volume = {5},
  pages = {81-100},
  number = {1}
}

@CONFERENCE{Tarboton2001WWERC,
  author = {Tarboton, D.G.; Ames, D. P.},
  title = {Advances in the mapping of flow networks from digital elevation data},
  booktitle = {World Water and Environmental Resources Congress},
  year = {2001}
}

@ARTICLE{Teitz1968OR,
  author = {Teitz, M.B. and Bart, P.},
  title = {Heuristics methods for estimating the generalized vertex median of
	a weighted graph},
  journal = {Operations Research},
  year = {1968},
  volume = {16},
  pages = {955--965},
  owner = {volaya},
  timestamp = {2010.10.27}
}

@ARTICLE{Thomas1999Geoderma,
  author = {Thomas, A.L. and King, D. and Dambrine, E. and Couturier, A. and
	Roque, J.},
  title = {Predicting soil classes with parameters derived from relief and geologic
	materials in a sandstone region of the Vosges mountains (Northeastern
	France)},
  journal = {Geoderma},
  year = {1999},
  volume = {90},
  pages = {291--305}
}

@BOOK{Thomas1987Adam,
  title = {Classification of Remotely Sensed Images},
  publisher = {Adam Hilger},
  year = {1987},
  author = {Thomas, I. L. and Benning, V.M. and Ching, N.P.}
}

@ARTICLE{Tobler1970EcoGeo,
  author = {Tobler, W.R.},
  title = {A computer movie simulating urban growth in the Detroit region},
  journal = {Economic Geography},
  year = {1970},
  volume = {46},
  pages = {234-240},
  number = {2}
}

@ARTICLE{Tobler1979JASA,
  author = {Waldo R. Tobler},
  title = {Smooth Pycnophylactic Interpolation for Geographical Regions},
  journal = {Journal of the American Statistical Association},
  year = {1979},
  volume = {74},
  pages = {519-530},
  number = {367}
}

@BOOK{Tomlin1990Prentice,
  title = {Geographic information systems and cartographic modelling.},
  publisher = {Prentice Hall.},
  year = {1990},
  author = {Tomlin, C.D.}
}

@INPROCEEDINGS{Pullar1988Sympo,
  author = {Towards formal definitions of topological relations among spatial
	objects. ,},
  title = {Pullar, D. V. and Egenhofer, M. J.},
  booktitle = {Proceedings, Third International Symposium on Spatial Data Handling,
	Sydney, Australia, August 17-19, 1988},
  year = {1988},
  pages = {225-241.}
}

@BOOK{USDT2001,
  title = {Data Integration Glossary},
  year = {2001},
  author = {U.S Department of Transportation},
  owner = {volaya},
  timestamp = {2010.08.16}
}

@BOOK{Travis1975USDA,
  title = {VIEWIT: computation of seen areas, slope, and aspect for land-use
	planning.},
  publisher = {USDA},
  year = {1975},
  author = {Travis, M.R. and Elsner, G.H. and Iverson, W.D. and Johnson, C.G.},
  address = {Berkeley, California}
}

@ARTICLE{TreiSman1988PR,
  author = {Treisman, A. and Gormican, S.},
  title = {Feature analysis in early vision: Evidence from search asymmetries},
  journal = {Psychological Review},
  year = {1988},
  volume = {95},
  pages = {15--48.},
  owner = {volaya},
  timestamp = {2010.09.28}
}

@ARTICLE{Turcotte2001JH,
  author = {Turcotte, R. and Fortin, J.P. and Rousseau, A.N. and Massicotte,
	S. and Villeneuve, J.P.},
  title = {Determination of the drainage structure of a watershed using a digital
	elevation model and a digital river and lake network.},
  journal = {Journal of Hydrology},
  year = {2001},
  volume = {240},
  pages = {225-242}
}

@INCOLLECTION{Turkowski1990Gems,
  author = {Turkowski, K.},
  title = {Filters for Common Resampling Tasks},
  booktitle = {Graphic Gems},
  publisher = {Academic Press Professional,Inc},
  year = {1990},
  pages = {147-165}
}

@TECHREPORT{USDA1986TR55,
  author = {USDA},
  title = {Technical Release 55 (TR-55) Urban hydrology for small watersheds,
	Second Edition},
  institution = {Natural Resources Conservation Service, Conservation Engineering
	Division.},
  year = {1986}
}

@TECHREPORT{Knijff1999ESB,
  author = {Van der Knijff, J.M. and Jones, R.J.A. and Montanarella, L.},
  title = {Soil erosion risk assessment in Italy},
  institution = {European Soil Bureau},
  year = {1999}
}

@ARTICLE{Graas1991Navigation,
  author = {Van Graas, F. and Braasch, M.},
  title = {GPS Interferometric Attitude and Heading Determination: Initial Flight
	Test Results},
  journal = {Navigation},
  year = {1991},
  volume = {38},
  pages = {297-316}
}

@ARTICLE{Vassilopoulou2002ISPRS,
  author = {Vassilopoulou, S. and Hurni, L. and Dietrich, V. and Baltsavias and
	E., Pateraki and M. and Lagios, E. and Parcharidis, I.},
  title = {Orthophoto generation using IKONOS imagery and high-resolution DEM:
	a case study on volcanic hazard monitoring of Nisyros Island (Greece)},
  journal = {ISPRS Journal of Photogrammetry and Remote Sensing},
  year = {2002},
  volume = {57},
  pages = {24-38}
}

@ARTICLE{Vitek1984Pecora,
  author = {Vitek, J. D. and S. J. Walsh and M. S. Gregory},
  title = {Accuracy in geographic information systems: an assessment of inherent
	and operational errors},
  journal = {Pecora},
  year = {1984},
  volume = {9},
  pages = {296-302},
  owner = {Usuario},
  timestamp = {2008.05.20}
}

@TECHREPORT{inspire07,
  author = {VVAA},
  title = {Directive 2007/2/EC establishing an Infrastructure for Spatial Information
	in the European Community (INSPIRE)},
  institution = {European Parliament},
  year = {2007},
  note = {Disponible en \url{http://www.ec-gis.org/inspire/directive/l_10820070425en00010014.pdf}},
  owner = {jsanz},
  timestamp = {2007.06.23},
  url = {http://www.ec-gis.org/inspire/directive/l_10820070425en00010014.pdf}
}

@ARTICLE{Walker1998WWR,
  author = {Walker, J.P. and Willgoose, G.R.},
  title = {On the effect of DEM accuracy on hydrology and geomorphology models},
  journal = {Wat. Resour. Res},
  year = {1998},
  volume = {35},
  pages = {2259--2268},
  number = {7}
}

@ARTICLE{Walsh1987PERS,
  author = {Walsh, S. and Lightfoot, D. and Butler, D.},
  title = {Recognition and Assessment of Error in GIS},
  journal = {Photogrammetric Engineering and Remote Sensing},
  year = {1987},
  volume = {52},
  pages = {1423-1430},
  owner = {Usuario},
  timestamp = {2008.05.20}
}

@ARTICLE{Watson1985GeoProc,
  author = {Watson, D.F. and Philip, G.M.},
  title = {A Refinement of Inverse Distance Weighted Interpolation},
  journal = {Geo-Processing},
  year = {1985},
  volume = {2},
  pages = {315-327}
}

@INPROCEEDINGS{1999SPIE.3646..319W,
  author = {{Weeks}, A.~R. and {Sartor}, L.~J. and {Myler}, H.~R.},
  title = {{Histogram specification of 24-bit color images in the color difference
	(C-Y) color space}},
  booktitle = {Proc. SPIE Vol. 3646, p. 319-329, Nonlinear Image Processing X, Edward
	R. Dougherty; Jaakko T. Astola; Eds.},
  year = {1999},
  editor = {{Dougherty}, E.~R. and {Astola}, J.~T.},
  volume = {3646},
  series = {Presented at the Society of Photo-Optical Instrumentation Engineers
	(SPIE) Conference},
  pages = {319-329},
  month = mar,
  adsnote = {Provided by the Smithsonian/NASA Astrophysics Data System},
  adsurl = {http://adsabs.harvard.edu/abs/1999SPIE.3646..319W}
}

@INBOOK{Welch1996Onward,
  chapter = {Using scanned air photographs},
  pages = {55-69},
  title = {Raster Imagery in Geographic Information Systems},
  publisher = {Onward Press},
  year = {1996},
  editor = {S. Morain and S.L. Baros},
  author = {Welch, r. and Jordan, T.R.}
}

@ARTICLE{Whittle1954Biometrika,
  author = {Whittle, P.},
  title = {On stationary processes in the plane},
  journal = {Biometrika},
  year = {1954},
  volume = {41},
  pages = {434-49}
}

@ARTICLE{Wigmosta1999WRR,
  author = {Wigmosta, M.S. and Lettenmaier, D.P.},
  title = {A comparison of simplified methods for routing topographically--driven
	subsurface flow},
  journal = {Wat. Resour. Res},
  year = {1999},
  volume = {35},
  pages = {255-264}
}

@BOOK{Wilson2000Wiley,
  title = {Terrain Analysis: Principles and Applications},
  publisher = {John Wiley \& Sons, Inc.},
  year = {2000},
  author = {Wilson, John P. and Gallant, John C.},
  pages = {87-131},
  booktitle = {Terrain Analysis: Principles and Applications}
}

@BOOK{Wischmeier78USDA,
  title = {Predicting Rainfall Erosion Losses. Agriculture Handbook 537},
  publisher = {United States Department of Agriculture. Science and Education Administration.},
  year = {1978},
  author = {Wischmeier, W.H. and Smith, D.D.},
  pages = {58}
}

@ARTICLE{Wolfram1983Alamos,
  author = {S. Wolfram},
  title = {Cellular automata},
  journal = {Los Alamos Science},
  year = {1983},
  volume = {9},
  pages = {2-21}
}

@PHDTHESIS{Wood1996PhD,
  author = {Wood, J.},
  title = {The Geomorphological Characterisation of Digital Elevation Models},
  school = {University of Leicester},
  year = {1996},
  type = {Ph.D.\@ thesis}
}

@BOOK{Worboys2004CRC,
  title = {GIS: A Computing Perspective, Second Edition},
  publisher = {CRC Press},
  year = {2004},
  author = {Worboys, M.F. and Duckham, M.}
}

@ARTICLE{Xu2007IJGIS,
  author = {Jun Xu},
  title = {Formalizing natural-language spatial relations between linear objects
	
	with topological and metric properties},
  journal = {International Journal of Geographical Information Science},
  year = {2007},
  volume = {21},
  pages = {377-395},
  number = {4}
}

@ARTICLE{Yager1988IEEESMC,
  author = {Yager, R. R},
  title = {On ordered weighted averaging aggregation operators in multi-criteria
	decision making},
  journal = {IEEE Trans. on SMC},
  year = {1988},
  volume = {18},
  pages = {183-190}
}

@ARTICLE{Chaoqing2003IJGIS,
  author = {Chaoqing Yu},
  title = {Extensions to least-cost path algorithms for roadway planning},
  journal = {International Journal of Geographical Information Systems},
  year = {2003},
  volume = {17},
  pages = {361-376},
  number = {4}
}

@ARTICLE{Zevenbergen1987ESPL,
  author = {Zevenbergen, L.W. and Thorne, C.R.},
  title = {Quantitative analysis of land surface topography},
  journal = {Earth Surface Processes Landforms},
  year = {1987},
  volume = {12},
  pages = {47-56}
}

@ARTICLE{Zhang1984ACM,
  author = {Zhang, T.Y. and Suen, C.Y.},
  title = {A fast parallel algorithm for thinning digital patterns.},
  journal = {Communications of the ACM},
  year = {1984},
  volume = {27},
  pages = {236-329},
  number = {3}
}

@BOOK{Zimmermann2001Kluwer,
  title = {Fuzzy Set Theory and Its Applications, Fourth Edition. Kluwer},
  publisher = {Kluwer Academic Publishers},
  year = {2001},
  author = {Zimmermann, H.J.}
}

@BOOK{FGDC1993,
  title = {Present and emerging U.S. policies governing the development, evolution,
	and use of the National Spatial Data Infrastructure : summary report.},
  publisher = {Federal Geographic Data Committee, U.S. Geological Survey},
  year = {1993},
  editor = {Federal Geographic Data Commitee. National Geodata Policy Forum},
  owner = {volaya},
  timestamp = {2010.08.23}
}

@BOOK{Hengl2008Elsevier,
  title = {Geomorphometry: Concepts, Software, Applications},
  publisher = {Elsevier},
  year = {2008},
  editor = {Hengl, T. and Reuter, H.I.},
  volume = {33},
  pages = {772},
  address = {Amsterdam},
  organization = {Elsevier},
  owner = {volaya},
  timestamp = {2010.08.18}
}

@BOOK{Kraak2001Francis,
  title = {Web cartography},
  publisher = {Francis and Taylor},
  year = {2001},
  editor = {Kraak, M. J. and Brown, A.}
}

@BOOK{RecetarioIDE,
  title = {Recetario IDE},
  publisher = {SGDI},
  year = {2004},
  editor = {Douglas D. Nebert},
  note = {Disponible en \url{http://redgeomatica.rediris.es/metadatos/publica/recetario/html/}},
  owner = {volaya},
  timestamp = {2010.08.18},
  url = {http://redgeomatica.rediris.es/metadatos/publica/recetario/html/}
}

@INCOLLECTION{Williams1997InfoScience,
  title = {Information Science: definition and Scope},
  booktitle = {Information Science: Still an Emerging Discipline},
  publisher = {Cathedral Publishing},
  year = {1997},
  editor = {Williams, J. and Carbo T.},
  owner = {volaya},
  timestamp = {2010.08.12}
}

@MISC{algebraLineal,
  howpublished = {\url{http://www.sectormatematica.cl/librosmat/algebra_lineal.pdf}},
  url = {http://www.sectormatematica.cl/librosmat/algebra_lineal.pdf}
}

@MISC{AppletDelaunay,
  howpublished = {\url{http://www.cs.cornell.edu/Info/People/chew/Delaunay.html}},
  url = {http://www.cs.cornell.edu/Info/People/chew/Delaunay.html}
}

@MISC{appletFuego,
  howpublished = {\url{http://schuelaw.whitman.edu/JavaApplets/ForestFireApplet}},
  url = {http://schuelaw.whitman.edu/JavaApplets/ForestFireApplet/}
}

@MISC{basesDatosUOC,
  howpublished = {\url{http://ocw.uoc.edu/informatica-tecnologia-y-multimedia/bases-de-datos/materiales/}},
  url = {http://ocw.uoc.edu/informatica-tecnologia-y-multimedia/bases-de-datos/materiales/}
}

@MISC{BTrees,
  howpublished = {\url{http://www-users.itlabs.umn.edu/classes/Spring-2006/csci4707/B+Trees.pdf}},
  url = {http://www-users.itlabs.umn.edu/classes/Spring-2006/csci4707/B+Trees.pdf}
}

@MISC{DeclaracionRio,
  howpublished = {\url{http://www.un.org/esa/dsd/agenda21_spanish/res_riodecl.shtml}},
  owner = {volaya},
  timestamp = {2010.08.17},
  url = {http://www.un.org/esa/dsd/agenda21_spanish/res_riodecl.shtml}
}

@MISC{Diestel,
  howpublished = {\url{http://www.emis.de/monographs/Diestel/en/GraphTheoryII.pdf}},
  url = {http://www.emis.de/monographs/Diestel/en/GraphTheoryII.pdf}
}

@MISC{EdGCM,
  howpublished = {\url{http://edgcm.columbia.edu/}},
  url = {http://edgcm.columbia.edu/}
}

@MISC{ejemploMetadatos,
  howpublished = {\url{http://www.datafinder.org/metadata/orthos1997.htm}},
  owner = {volaya},
  timestamp = {2010.10.23},
  url = {http://www.datafinder.org/metadata/orthos1997.htm}
}

@MISC{ejemploMetadatos2,
  howpublished = {\url{http://www.state.nj.us/dep/gis/digidownload/metadata/statewide/placenam04.htm}},
  owner = {volaya},
  timestamp = {2010.10.23},
  url = {http://www.state.nj.us/dep/gis/digidownload/metadata/statewide/placenam04.htm}
}

@MISC{FilterEncoding,
  howpublished = {\url{http://www.opengeospatial.org/standards/filter}},
  owner = {volaya},
  timestamp = {2010.08.20},
  url = {http://www.opengeospatial.org/standards/filter}
}

@MISC{fragstatsMetrics,
  title = {FRAGSTATS Landscape Metrics},
  howpublished = {\url{http://iale.org.uk/files/pdfs/Fragstats-Landscape-Metrics-Considerations.pdf}},
  owner = {volaya},
  timestamp = {2010.10.17},
  url = {http://iale.org.uk/files/pdfs/Fragstats-Landscape-Metrics-Considerations.pdf}
}

@MISC{fragstatsMetricsDefinition,
  howpublished = {\url{http://www.umass.edu/landeco/research/fragstats/documents/Metrics/Metrics\%20TOC.htm}},
  owner = {volaya},
  timestamp = {2010.10.18},
  url = {http://www.umass.edu/landeco/research/fragstats/documents/Metrics/Metrics\%20TOC.htm}
}

@MISC{gabOrtizACP,
  howpublished = {\url{http://recursos.gabrielortiz.com/art.asp?Info=062a}},
  url = {http://recursos.gabrielortiz.com/art.asp?Info=062a}
}

@MISC{garrett2005ajax,
  howpublished = {\url{http://www.adaptivepath.com/ideas/essays/archives/000385.php}},
  owner = {volaya},
  timestamp = {2010.08.18},
  url = {http://www.adaptivepath.com/ideas/essays/archives/000385.php}
}

@MISC{geoSQL,
  howpublished = {\url{http://www.mat.uniroma2.it/~nardelli/publications/ICCI-93.pdf}},
  owner = {volaya},
  timestamp = {2010.08.18},
  url = {http://www.mat.uniroma2.it/~nardelli/publications/ICCI-93.pdf}
}

@MISC{GPSUSArmy,
  howpublished = {\url{http://www.usace.army.mil/publications/eng-manuals/em1110-1-1003/c-9.pdf}},
  url = {http://www.usace.army.mil/publications/eng-manuals/em1110-1-1003/c-9.pdf}
}

@MISC{graphTheory,
  howpublished = {\url{http://users.utu.fi/harju/graphtheory/graphtheory.pdf}},
  url = {http://users.utu.fi/harju/graphtheory/graphtheory.pdf}
}

@MISC{GrassDigitizing,
  howpublished = {\url{http://grass.itc.it/gdp/grass5tutor/HTML_en/c815.html}},
  url = {http://grass.itc.it/gdp/grass5tutor/HTML_en/c815.html}
}

@MISC{HenglSpatialAnalyst,
  howpublished = {\url{http://spatial-analyst.net/pixel.php}},
  owner = {volaya},
  timestamp = {2010.08.23},
  url = {http://\-spatial-analyst.net/\-pixel.php}
}

@MISC{INSPIRE,
  howpublished = {\url{http://inspire.jrc.ec.europa.eu/}},
  owner = {volaya},
  timestamp = {2010.08.18},
  url = {http://inspire.jrc.ec.europa.eu/}
}

@MISC{iso19112,
  title = {ISO 19112:2003 Geographic information - Spatial referencing by geographic
	identifiers},
  howpublished = {\url{http://www.iso.org/iso/catalogue_detail.htm?csnumber=26017}},
  url = {http://www.iso.org/iso/catalogue_detail.htm?csnumber=26017}
}

@MISC{MapBender,
  howpublished = {\url{http://www.mapbender.org}},
  owner = {volaya},
  timestamp = {2010.08.19},
  url = {http://www.mapbender.org}
}

@MISC{modeloERExtendido,
  howpublished = {\url{http://www.oei.eui.upm.es/Asignaturas/BD/DYOBD/ERE_texto.pdf}},
  owner = {volaya},
  timestamp = {2010.08.26},
  url = {http://www.oei.eui.upm.es/Asignaturas/BD/DYOBD/ERE_texto.pdf}
}

@MISC{MorphologyFip,
  howpublished = {\url{http://www.ph.tn.tudelft.nl/Courses/FIP/noframes/fip-Morpholo.html}},
  url = {http://www.dta.it/images/files/support/manuals/vistamanual/doc/intro/noframes/fip-Morpholo.html}
}

@MISC{OSGeoJournal,
  howpublished = {\url{http://www.osgeo.org/journal}},
  url = {http://www.osgeo.org/journal}
}

@MISC{perensEstandares,
  howpublished = {\url{http://perens.com/OpenStandards/Definition.html}},
  owner = {volaya},
  timestamp = {2010.08.18},
  url = {http://perens.com/OpenStandards/Definition.html}
}

@MISC{ProcesimVigo,
  howpublished = {\url{http://wgpi.tsc.uvigo.es/libro/procesim/procesim.htm}},
  url = {http://wgpi.tsc.uvigo.es/libro/procesim/procesim.htm}
}

@MISC{protocolosWeb,
  howpublished = {\url{http://www.w3.org/Addressing/URL/url-spec.txt}},
  url = {http://www.w3.org/Addressing/URL/url-spec.txt}
}

@MISC{RasterizacionCimec,
  howpublished = {\url{http://www.cimec.org.ar/twiki/pub/Cimec/ComputacionGrafica/Rasterizacion.pdf}},
  url = {http://www.cimec.org.ar/twiki/pub/Cimec/ComputacionGrafica/Rasterizacion.pdf}
}

@MISC{SQLBasico,
  howpublished = {\url{http://www.colimbo.net/documentos/documentacion/208/Tutorial_SQL_basico.pdf}},
  url = {http://www.colimbo.net/documentos/documentacion/208/Tutorial_SQL_basico.pdf}
}

@MISC{SSQL,
  howpublished = {\url{www.spatial.maine.edu/~max/SSQL.pdf}},
  owner = {volaya},
  timestamp = {2010.08.18},
  url = {www.spatial.maine.edu/~max/SSQL.pdf}
}

@MISC{TriangulacionWeb,
  howpublished = {\url{http://www.personal.us.es/almar/docencia/practicas/triangulaciones/tema4.html}},
  url = {http://www.personal.us.es/almar/docencia/practicas/triangulaciones/tema4.html}
}

@MISC{web52N,
  howpublished = {\url{http://52north.org/}},
  owner = {volaya},
  timestamp = {2010.08.19},
  url = {http://52north.org/}
}

@MISC{webBBCArqueologia,
  howpublished = {\url{http://news.bbc.co.uk/2/hi/europe/4267238.stm}},
  owner = {volaya},
  timestamp = {2008.05.31},
  url = {http://news.bbc.co.uk/2/hi/europe/4267238.stm}
}

@MISC{webbookOndas,
  howpublished = {\url{http://www.pucp.edu.pe/biblioteca/docs/elibros_pucp/medina_hugo/Medina_Fisica2_Cap3.pdf}},
  url = {http://www.pucp.edu.pe/biblioteca/docs/elibros_pucp/medina_hugo/Medina_Fisica2_Cap3.pdf}
}

@MISC{webCadenasMarkov,
  howpublished = {\url{http://www.bioingenieria.edu.ar/academica/catedras/metestad/Cadenas\%20de\%20Markov-1.pdf}},
  owner = {volaya},
  timestamp = {2010.11.03},
  url = {http://www.bioingenieria.edu.ar/academica/catedras/metestad/Cadenas\%20de\%20Markov-1.pdf}
}

@MISC{webCartoWeb,
  howpublished = {\url{http://www.cartoweb.org}},
  owner = {volaya},
  timestamp = {2008.07.01},
  url = {http://www.cartoweb.org/}
}

@MISC{webCatMDEdit,
  howpublished = {\url{http://catmdedit.sourceforge.net/}},
  owner = {volaya},
  timestamp = {2010.08.19},
  url = {http://catmdedit.sourceforge.net/}
}

@MISC{webClarkLabs,
  howpublished = {\url{http://www.clarklabs.org/}},
  owner = {volaya},
  timestamp = {2010.08.25},
  url = {http://www.clarklabs.org/}
}

@MISC{WebCSquares,
  howpublished = {\url{http://www.marine.csiro.au/csquares/}},
  url = {http://www.marine.csiro.au/csquares}
}

@MISC{webDB2Spatial,
  howpublished = {\url{http://www-01.ibm.com/software/data/spatial/db2spatial/}},
  owner = {volaya},
  timestamp = {2010.08.27},
  url = {http://www-01.ibm.com/software/data/spatial/db2spatial/}
}

@MISC{webDesktopGarp,
  howpublished = {\url{http://www.nhm.ku.edu/desktopgarp/}},
  owner = {volaya},
  timestamp = {2010.10.14},
  url = {http://www.nhm.ku.edu/desktopgarp/}
}

@MISC{webDifFinitas,
  howpublished = {\url{http://www.amath.washington.edu/~rjl/pubs/am58X/amath58X05.pdf}},
  url = {http://www.amath.washington.edu/~rjl/pubs/am58X/amath58X05.pdf}
}

@MISC{webDivaGIS,
  howpublished = {\url{http://www.diva-gis.org/}},
  owner = {volaya},
  timestamp = {2010.10.14},
  url = {http://www.diva-gis.org/}
}

@MISC{webDocsISOTC211,
  howpublished = {\url{http://www.isotc211.org/pow_all.htm}},
  url = {http://www.isotc211.org/pow_all.htm}
}

@MISC{webEPSG,
  howpublished = {\url{www.epsg.org}},
  url = {www.epsg.org}
}

@MISC{webErdas,
  howpublished = {\url{http://www.erdas.com}},
  owner = {volaya},
  timestamp = {2010.08.26},
  url = {http://www.erdas.com}
}

@MISC{webERS2,
  howpublished = {\url{http://earth.esa.int/ers/satconc/satconc2.html}},
  owner = {volaya},
  timestamp = {2008.05.25},
  url = {http://earth.esa.int/ers/satconc/satconc2.html}
}

@MISC{webEsri,
  howpublished = {\url{http://www.esri.com}},
  owner = {volaya},
  timestamp = {2010.08.25},
  url = {http://www.esri.com}
}

@MISC{webEstudiosCaso,
  howpublished = {\url{http://www.gisdevelopment.net/application/index.htm}},
  owner = {volaya},
  timestamp = {2010.10.30},
  url = {http://www.gisdevelopment.net/application/index.htm}
}

@MISC{webFGDC,
  howpublished = {\url{http://www.fgdc.gov/metadata}},
  owner = {volaya},
  timestamp = {2008.07.08},
  url = {http://www.fgdc.gov/metadata}
}

@MISC{webFME,
  howpublished = {\url{http://www.safe.com}},
  owner = {volaya},
  timestamp = {2010.08.26},
  url = {http://www.safe.com}
}

@MISC{webFotogrametriaUNEX,
  howpublished = {\url{http://www.cartesia.org/article.php?sid=222}},
  url = {http://www.cartesia.org/article.php?sid=222}
}

@MISC{webFSF,
  howpublished = {\url{http://www.gnu.org/philosophy/free-sw.es.html}},
  owner = {volaya},
  timestamp = {2008.05.27},
  url = {http://www.gnu.org/philosophy/free-sw.es.html}
}

@MISC{webGARPDesktop,
  howpublished = {\url{http://www.nhm.ku.edu/desktopgarp/}},
  owner = {volaya},
  timestamp = {2010.10.27},
  url = {http://www.nhm.ku.edu/desktopgarp/}
}

@MISC{webGDAL,
  howpublished = {\url{http://www.gdal.org}},
  owner = {volaya},
  timestamp = {2010.08.19},
  url = {http://www.gdal.org}
}

@MISC{webGeonetwork,
  howpublished = {\url{http://www.fao.org/geonetwork/srv/en/main.home}},
  owner = {volaya},
  timestamp = {2010.08.19},
  url = {http://www.fao.org/geonetwork/srv/en/main.home}
}

@MISC{webGeoserver,
  howpublished = {\url{http://geoserver.org}},
  owner = {volaya},
  timestamp = {2008.05.27},
  url = {http://geoserver.org}
}

@MISC{webGeoTools,
  howpublished = {\url{http://geotools.org/}},
  owner = {volaya},
  timestamp = {2010.08.19},
  url = {http://geotools.org/}
}

@MISC{webGISCOM,
  howpublished = {\url{http://www.gis.com/whatisgis/index.html}},
  url = {http://www.gis.com/whatisgis/index.html}
}

@MISC{webGISEvolve,
  howpublished = {\url{http://gislounge.com/the-components-of-gis-evolve}},
  owner = {volaya},
  timestamp = {2008.05.23},
  url = {http://gislounge.com/the-components-of-gis-evolve/}
}

@MISC{webGML,
  howpublished = {\url{http://www.opengeospatial.org/standards/gml}},
  owner = {volaya},
  timestamp = {2010.08.20},
  url = {http://www.opengeospatial.org/standards/gml}
}

@MISC{webGoogleEarth,
  howpublished = {\url{http://earth.google.com}},
  owner = {volaya},
  timestamp = {2010.08.26},
  url = {http://earth.google.com}
}

@MISC{webGoogleMaps,
  howpublished = {\url{http://maps.google.com}},
  owner = {volaya},
  timestamp = {2010.09.24},
  url = {http://maps.google.com}
}

@MISC{webGoogleMapsCaseStudies,
  howpublished = {\url{http://maps.google.com/help/maps/casestudies/}},
  owner = {volaya},
  timestamp = {2010.10.16},
  url = {http://maps.google.com/help/maps/casestudies/}
}

@MISC{webGPL,
  howpublished = {\url{http://www.es.gnu.org/modules/content/index.php?id=8}},
  owner = {volaya},
  timestamp = {2008.05.27},
  url = {http://www.es.gnu.org/modules/content/index.php?id=8}
}

@MISC{webGRASS,
  howpublished = {\url{http://grass.itc.it/}},
  owner = {volaya},
  timestamp = {2008.07.01},
  url = {http://grass.itc.it/}
}

@MISC{webGuiaCampsa,
  howpublished = {\url{http://www.guiarepsol.com}},
  owner = {volaya},
  timestamp = {2010.08.18},
  url = {http://www.guiarepsol.com}
}

@MISC{webgvSIG,
  howpublished = {\url{http://www.gvsig.org/web/}},
  owner = {volaya},
  timestamp = {2010.08.19},
  url = {http://www.gvsig.org/web/}
}

@MISC{webHowWorkGPS,
  howpublished = {\url{http://www.how-gps-works.com/}},
  url = {http://www.how-gps-works.com/}
}

@MISC{webIDEE,
  howpublished = {\url{http://www.idee.es}},
  owner = {volaya},
  timestamp = {2010.08.26},
  url = {http://www.idee.es}
}

@MISC{webIkonos,
  howpublished = {\url{http://www.geoeye.com/products/imagery/ikonos/default.htm}},
  url = {http://www.geoeye.com/products/imagery/ikonos/default.htm}
}

@MISC{webIntergraph,
  howpublished = {\url{http://www.intergraph.com}},
  owner = {volaya},
  timestamp = {2010.08.25},
  url = {http://www.intergraph.com}
}

@MISC{webISO,
  howpublished = {\url{http://www.iso.org/iso/home.html}},
  owner = {volaya},
  timestamp = {2010.08.20},
  url = {http://www.iso.org/iso/home.html}
}

@MISC{webJGrass,
  howpublished = {\url{http://www.jgrass.org}},
  owner = {volaya},
  timestamp = {2010.08.19},
  url = {http://www.jgrass.org}
}

@MISC{webJUMP,
  howpublished = {\url{http://www.openjump.org/}},
  owner = {volaya},
  timestamp = {2010.08.19},
  url = {http://www.openjump.org/}
}

@MISC{webKosmo,
  howpublished = {\url{http://www.opengis.es/}},
  owner = {volaya},
  timestamp = {2010.08.19},
  url = {http://www.opengis.es/}
}

@MISC{webLandsat,
  howpublished = {\url{http://landsat7.usgs.gov/index.php}},
  url = {http://landsat7.usgs.gov/index.php}
}

@MISC{webLocalizacionOptima,
  howpublished = {\url{http://www.vub.ac.be/EWGLA/literature.htm}},
  owner = {volaya},
  timestamp = {2010.10.27},
  url = {http://www.vub.ac.be/EWGLA/literature.htm}
}

@MISC{webManifold,
  howpublished = {\url{http://www.manifold.net/index.shtml}},
  owner = {volaya},
  timestamp = {2010.08.27},
  url = {http://www.manifold.net/index.shtml}
}

@MISC{webMapBuilder,
  howpublished = {\url{http://communitymapbuilder.org/}},
  owner = {volaya},
  timestamp = {2010.08.26},
  url = {http://communitymapbuilder.org/}
}

@MISC{webMapinfo,
  howpublished = {\url{http://www.pbinsight.com/products/location-intelligence/applications/mapping-analytical/mapinfo-professional}},
  owner = {volaya},
  timestamp = {2010.08.27},
  url = {http://www.pbinsight.com/products/location-intelligence/applications/mapping-analytical/mapinfo-professional/}
}

@MISC{webMaxent,
  howpublished = {\url{http://www.cs.princeton.edu/~schapire/maxent/}},
  owner = {volaya},
  timestamp = {2010.10.14},
  url = {http://www.cs.princeton.edu/~schapire/maxent/}
}

@MISC{webMetadatos,
  howpublished = {\url{http://www.state.nj.us/dep/gis/digidownload/metadata/statewide/placenam04.htm}},
  owner = {volaya},
  timestamp = {2010.08.13}
}

@MISC{webMetadatos2,
  howpublished = {\url{http://www.datafinder.org/metadata/orthos1997.htm}},
  owner = {volaya},
  timestamp = {2010.08.13}
}

@MISC{webModisData,
  howpublished = {\url{http://edcdaac.usgs.gov/dataproducts.asp}},
  owner = {Usuario},
  timestamp = {2008.01.22},
  url = {http://edcdaac.usgs.gov/dataproducts.asp}
}

@MISC{webMySQL,
  howpublished = {\url{http://www.mysql.com/}},
  owner = {volaya},
  timestamp = {2010.08.19},
  url = {http://www.mysql.com/}
}

@MISC{webOGC,
  howpublished = {\url{http://www.opengeospatial.org}},
  owner = {volaya},
  timestamp = {2010.08.18},
  url = {http://www.opengeospatial.org}
}

@MISC{webOpenJUMP,
  howpublished = {\url{http://openjump.org/wiki/show/HomePage}},
  owner = {volaya},
  timestamp = {2008.07.01},
  url = {http://openjump.org/wiki/show/HomePage}
}

@MISC{webOracleSpatial,
  howpublished = {\url{http://www.oracle.com/technology/products/spatial/index.html}},
  owner = {volaya},
  timestamp = {2010.08.26},
  url = {http://www.oracle.com/technology/products/spatial/index.html}
}

@MISC{webOSM,
  howpublished = {\url{http://www.openstreetmap.org}},
  owner = {volaya},
  timestamp = {2011.08.07},
  url = {http://www.openstreetmap.org}
}

@MISC{webPCRaster,
  howpublished = {\url{http://pcraster.geo.uu.nl/}},
  owner = {volaya},
  timestamp = {2010.08.25},
  url = {http://pcraster.geo.uu.nl/}
}

@MISC{webPostgis,
  howpublished = {\url{http://postgis.refractions.net/}},
  owner = {volaya},
  timestamp = {2010.08.20},
  url = {http://postgis.refractions.net/}
}

@MISC{webPostgisCaseStudies,
  howpublished = {\url{http://postgis.refractions.net/documentation/casestudies}},
  owner = {volaya},
  timestamp = {2008.05.27},
  url = {http://postgis.refractions.net/documentation/casestudies}
}

@MISC{webProj4,
  howpublished = {\url{http://trac.osgeo.org/proj/}},
  owner = {volaya},
  timestamp = {2010.08.19},
  url = {http://trac.osgeo.org/proj/}
}

@MISC{webQGis,
  howpublished = {\url{http://www.qgis.org}},
  owner = {volaya},
  timestamp = {2008.07.01},
  url = {http://www.qgis.org/}
}

@MISC{webQuickbird,
  howpublished = {\url{http://www.digitalglobe.com/about/quickbird.html}},
  url = {http://www.digitalglobe.com/about/quickbird.html}
}

@MISC{webRadarCanada,
  howpublished = {\url{http://www.ccrs.nrcan.gc.ca/resource/tutor/gsarcd/downldss_e.php}},
  url = {http://www.ccrs.nrcan.gc.ca/resource/tutor/gsarcd/downldss_e.php}
}

@MISC{webRADARSAT,
  howpublished = {\url{http://www.asc-csa.gc.ca/eng/satellites/radarsat1/}},
  owner = {volaya},
  timestamp = {2008.05.25},
  url = {http://www.asc-csa.gc.ca/eng/satellites/radarsat1/}
}

@MISC{webSAGA,
  howpublished = {\url{http://www.saga-gis.org}},
  owner = {volaya},
  timestamp = {2010.08.19},
  url = {http://www.saga-gis.org}
}

@MISC{webSBoltzman,
  howpublished = {\url{http://es.wikipedia.org/wiki/Ley_de_Stefan-Boltzmann}},
  url = {http://es.wikipedia.org/wiki/Ley_de_Stefan-Boltzmann}
}

@MISC{webSextante,
  howpublished = {\url{http://www.sextantegis.com}},
  owner = {volaya},
  timestamp = {2009.09.17},
  url = {http://www.sextantegis.com}
}

@MISC{webSFS,
  howpublished = {\url{http://www.opengeospatial.org/standards/sfs}},
  owner = {volaya},
  timestamp = {2010.08.20},
  url = {http://www.opengeospatial.org/standards/sfs}
}

@MISC{webSLD,
  howpublished = {\url{http://www.opengeospatial.org/standards/sld}},
  owner = {volaya},
  timestamp = {2010.08.20},
  url = {http://www.opengeospatial.org/standards/sld}
}

@MISC{webSpot,
  howpublished = {\url{http:/www.spotimage.fr}},
  url = {http:/www.spotimage.fr}
}

@MISC{webSPOTDEM,
  howpublished = {\url{http://www.spotimage.fr/web/en/807-spot-3d.php}},
  url = {http://www.spotimage.fr/web/en/807-spot-3d.php}
}

@MISC{webSQLServer,
  howpublished = {\url{http://www.microsoft.com/spain/sql/2008/default.aspx}},
  owner = {volaya},
  timestamp = {2010.08.27},
  url = {http://www.microsoft.com/spain/sql/2008/default.aspx}
}

@MISC{webSRTM,
  howpublished = {\url{http://www2.jpl.nasa.gov/srtm}},
  url = {http://www2.jpl.nasa.gov/srtm/}
}

@MISC{webSRTMDownload,
  howpublished = {\url{http://seamless.usgs.gov}},
  url = {http://seamless.usgs.gov}
}

@MISC{webSVG,
  howpublished = {\url{http://www.w3.org/Graphics/SVG/}},
  owner = {volaya},
  timestamp = {2010.08.20},
  url = {http://www.w3.org/Graphics/SVG/}
}

@MISC{webSWAT,
  howpublished = {\url{http://www.brc.tamus.edu/swat/avswat.html}},
  url = {http://www.brc.tamus.edu/swat/avswat.html}
}

@MISC{webTeide,
  howpublished = {\url{http://atlastenerife.es/}},
  owner = {volaya},
  timestamp = {2010.08.19},
  url = {http://atlastenerife.es/}
}

@MISC{webTrimble,
  howpublished = {\url{http://www.trimble.com/gps/index.shtml}},
  url = {http://www.trimble.com/gps/index.shtml}
}

@MISC{webTSP,
  howpublished = {\url{http://www.tsp.gatech.edu/index.html}},
  url = {http://www.tsp.gatech.edu/index.html}
}

@MISC{webuDig,
  howpublished = {\url{http://udig.refractions.net/}},
  owner = {volaya},
  timestamp = {2010.08.19},
  url = {http://udig.refractions.net/}
}

@MISC{webW3C,
  howpublished = {\url{http://www.w3c.es/}},
  owner = {volaya},
  timestamp = {2010.08.20},
  url = {http://www.w3c.es/}
}

@MISC{webWFS,
  howpublished = {\url{http://www.opengeospatial.org/standards/wfs}},
  owner = {volaya},
  timestamp = {2010.08.20},
  url = {http://www.opengeospatial.org/standards/wfs}
}

@MISC{webWikimapia,
  howpublished = {\url{http://wikimapia.org/}},
  owner = {volaya},
  timestamp = {2010.08.18},
  url = {http://wikimapia.org/}
}

@MISC{webWindMaps,
  howpublished = {\url{http://gis.co.cascade.mt.us/Website/WindSpeed.pdf}},
  owner = {volaya},
  timestamp = {2010.10.28},
  url = {http://gis.co.cascade.mt.us/Website/WindSpeed.pdf}
}

@MISC{webWMC,
  howpublished = {\url{http://www.opengeospatial.org/standards/wmc}},
  owner = {volaya},
  timestamp = {2010.08.20},
  url = {http://www.opengeospatial.org/standards/wmc}
}

@MISC{webWMS,
  howpublished = {\url{http://www.opengeospatial.org/standards/wms}},
  owner = {volaya},
  timestamp = {2010.08.20},
  url = {http://www.opengeospatial.org/standards/wms}
}

@MISC{webWorldWind,
  howpublished = {\url{http://worldwind.arc.nasa.gov/java/}},
  owner = {volaya},
  timestamp = {2010.08.19},
  url = {http://worldwind.arc.nasa.gov/java/}
}

@MISC{webWorldWindCentral,
  howpublished = {\url{http://worldwindcentral.com/wiki/Main_page}},
  owner = {volaya},
  timestamp = {2010.08.19},
  url = {http://worldwindcentral.com/wiki/Main_page}
}

@MISC{wikibookXML,
  howpublished = {\url{http://en.wikibooks.org/wiki/XML_-_Managing_Data_Exchange}},
  owner = {volaya},
  timestamp = {2010.08.20},
  url = {http://en.wikibooks.org/wiki/XML_-_Managing_Data_Exchange}
}

@MISC{wikiNormalizacion,
  howpublished = {Disponible en \url{http://es.wikipedia.org/wiki/Normalizaci\%C3\%B3n_de_bases_de_datos}},
  owner = {volaya},
  timestamp = {2011.04.16},
  url = {http://es.wikipedia.org/wiki/Normalizaci\%C3\%B3n_de_bases_de_datos}
}

@MISC{wikipediaContinuidad,
  howpublished = {\url{http://es.wikipedia.org/wiki/Continuidad_(matematica)}},
  url = {http://es.wikipedia.org/wiki/Continuidad_(matematica)}
}

@MISC{WikipediaGeocoding,
  howpublished = {\url{http://en.wikipedia.org/wiki/Geocoding}},
  url = {http://en.wikipedia.org/wiki/Geocoding}
}

@MISC{wikipediaGPS,
  howpublished = {\url{http://es.wikipedia.org/wiki/Sistema_de_posicionamiento_global}},
  url = {http://es.wikipedia.org/wiki/Sistema_de_posicionamiento_global}
}

@MISC{WikipediaHSL,
  howpublished = {\url{http://en.wikipedia.org/wiki/HSL_color_space}},
  url = {http://en.wikipedia.org/wiki/HSL_color_space}
}

@TECHREPORT{UKEnvironment2005,
  title = {Severn Tidal Tributaries Catchment Flood Management Plan Scoping
	Stage.},
  institution = {UK: Environment Agency.},
  year = {2005},
  publisher = {UK: Environment Agency}
}

@TECHREPORT{WGS84,
  title = {DoD World Geodetic System 1984, its definition and relationship with
	local geodetic systems},
  institution = {National Imagery and Mapping Agency},
  year = {1997}
}

@TECHREPORT{AENOR1995,
  title = {UNE-EN-ISO 8402 Gesti\'on de la calidad y aseguramiento de calidad.Vocabulario
	(ISO 8402:1994)},
  institution = {AENOR},
  year = {1995}
}

